2022-02-15 22:06:41.816827,3075.25,1.0320717665999903,0.46374191246182295,0.8556607088563927
2022-02-15 22:06:45.299989,3075.1,0.9098973838889433,0.463451182994218,0.8556607088563927
2022-02-15 22:06:48.061311,3075.1,0.813683284964244,0.4648659751693994,0.8511803598877377
2022-02-15 22:06:51.236495,3075.1,0.9738843714741469,0.46669915444568144,0.8874329946623992
2022-02-15 22:06:55.229024,3074.2,0.9443792870597434,0.4540073263634864,0.8874329946623992
2022-02-15 22:06:58.813657,3074.2,0.9293007926811941,0.4579917610387751,0.8168902460938932
2022-02-15 22:07:02.606451,3073.65,0.8697362569698627,0.4545289910927695,0.735268735484886
2022-02-15 22:07:05.284282,3073.65,0.8359625097369147,0.4586905474400944,0.735268735484886
2022-02-15 22:07:08.136639,3073.65,1.0345851259987708,0.45848906680674534,0.730590390140476
2022-02-15 22:07:11.021113,3073.25,0.8112286411716844,0.45933321313215586,0.7998821194400826
2022-02-15 22:07:14.173872,3073.25,0.7413038579057979,0.4583053055398113,0.7998821194400826
2022-02-15 22:07:16.939189,3073.25,0.7789365590790043,0.46553282958464426,0.6811645236255702
2022-02-15 22:07:19.808147,3073.65,0.7475139501053042,0.4606403943815833,0.6811645236255702
2022-02-15 22:07:22.775634,3073.85,0.9670459859703816,0.45795298927353517,0.7140614848000599
2022-02-15 22:07:25.846525,3073.85,0.9896899363986053,0.467437213978203,0.7581894555070017
2022-02-15 22:07:28.815879,3073.85,1.151675893127325,0.46861812933985997,0.7581894555070017
2022-02-15 22:07:31.687633,3073.85,1.145837862811175,0.47545154576287046,0.7479196753863271
2022-02-15 22:07:34.551312,3075.45,1.2380440063857847,0.4656584289967462,0.7479196753863271
2022-02-15 22:07:37.827802,3075.8,1.1723916307821745,0.46736414879761345,0.7402451480327459
2022-02-15 22:07:40.694109,3075.8,1.6494421227735625,0.47007159296927803,0.7702565900887255
2022-02-15 22:07:43.365917,3075.8,1.3534403801018948,0.4672086041566648,0.7702565900887255
2022-02-15 22:07:46.127340,3075.8,1.2802968921812603,0.46427721379343934,0.7344940862224462
2022-02-15 22:07:48.993074,3076.5,1.4084338557155742,0.4638942402957436,0.7344940862224462
2022-02-15 22:07:51.961708,3076.7,1.0322000599380634,0.46240696129611025,0.6120009312465978
2022-02-15 22:07:55.129721,3076.7,1.1293893249116658,0.4623625440589097,0.6120009312465978
2022-02-15 22:07:58.103782,3076.7,1.078580505782183,0.4642313989869625,0.6650504963823133
2022-02-15 22:08:01.072319,3076.4,1.0074163168953276,0.4623356814262374,0.747907433152131
2022-02-15 22:08:04.043198,3076.35,1.0303014675124487,0.4633034044639821,0.747907433152131
2022-02-15 22:08:07.015088,3076.35,0.9900865695434613,0.4780742011215117,0.7467893514901532
2022-02-15 22:08:09.981697,3076.35,0.8887433556295937,0.4748668425835608,0.7467893514901532
2022-02-15 22:08:12.951032,3076.35,1.0259256037086286,0.48237995602881006,0.7378867129284239
2022-02-15 22:08:16.199747,3076.8,0.9033925524440427,0.49010196675590284,0.7502843649601076
2022-02-15 22:08:19.044890,3078.0,0.7914036390642405,0.46763019538713735,0.7502843649601076
2022-02-15 22:08:21.962537,3078.0,1.230414798269195,0.46819057655807633,0.7073145222759234
2022-02-15 22:08:24.727067,3078.0,1.2755133867305437,0.4657519769310025,0.7073145222759234
2022-02-15 22:08:28.003473,3078.05,1.6168209203534107,0.46815165290344185,0.6728639690681472
2022-02-15 22:08:31.177874,3078.05,0.962108143477485,0.46146453436212276,0.6174335875361429
2022-02-15 22:08:34.044830,3077.1,0.7442760429654666,0.46452311925180256,0.6174335875361429
2022-02-15 22:08:37.211541,3077.1,1.0624611025040056,0.465120124797193,0.8332514610230297
2022-02-15 22:08:40.327675,3077.1,0.69294201795067,0.4669527173217487,0.8332514610230297
2022-02-15 22:08:43.159592,3077.1,0.8348319327731093,0.46573709601820634,0.7790822199179768
2022-02-15 22:08:46.036350,3077.15,0.7402425658723039,0.45868127567399636,0.7769273975423673
2022-02-15 22:08:48.943524,3076.65,0.8465086560704423,0.46113127729074,0.7769273975423673
2022-02-15 22:08:51.658365,3076.65,0.9552664816859106,0.46230236746332015,0.8288002507748925
2022-02-15 22:08:54.431103,3076.65,1.0570756756756754,0.45622925379453083,0.8288002507748925
2022-02-15 22:08:57.294264,3076.65,0.7703614041155107,0.45707379879517834,0.7935171774766078
2022-02-15 22:09:00.262028,3076.65,0.9982602222760791,0.468986845433623,0.7935171774766078
2022-02-15 22:09:03.025374,3076.45,1.0883368886097604,0.46478523449677567,0.759861597248542
2022-02-15 22:09:06.199667,3076.15,1.1461639631740461,0.4662012360677183,0.7811433263370261
2022-02-15 22:09:09.577456,3076.15,1.0215909264999514,0.4646588694153918,0.7811433263370261
2022-02-15 22:09:12.346201,3076.15,1.4490321165717381,0.46496152705770993,0.7896551268817041
2022-02-15 22:09:15.107617,3075.9,1.105550235250031,0.4612595627853792,0.7896551268817041
2022-02-15 22:09:17.975545,3075.9,1.1580219655797102,0.4610745209615268,0.7646784808781676
2022-02-15 22:09:20.940451,3076.25,0.9854195259252366,0.4626791829568794,0.7144205069924607
2022-02-15 22:09:24.062564,3076.25,1.0367018385429696,0.46444080327572945,0.7144205069924607
2022-02-15 22:09:26.881109,3075.9,0.9134052648622772,0.4611331418779247,0.6437656877418828
2022-02-15 22:09:30.262540,3075.9,1.2725754932492213,0.4664605421137677,0.6437656877418828
2022-02-15 22:09:33.129900,3075.9,1.0480031626031063,0.4604477829444978,0.7497408195433187
2022-02-15 22:09:36.099861,3075.55,1.3435176889362423,0.46418960808021614,0.8281298377548859
2022-02-15 22:09:38.967227,3075.55,1.026929390832506,0.4651604928228089,0.8281298377548859
2022-02-15 22:09:42.243687,3075.55,0.9785509093483847,0.46371386518192614,0.7919535580986898
2022-02-15 22:09:45.010614,3075.85,1.0005101459837389,0.4601278227682176,0.7919535580986898
2022-02-15 22:09:48.081007,3075.85,0.8252327626893207,0.4677569979940235,0.7766843457691035
2022-02-15 22:09:50.947657,3075.85,1.0081982546556543,0.4579446378333697,0.765651625387404
2022-02-15 22:09:53.919027,3076.2,0.8789453218333183,0.4602637944875364,0.765651625387404
2022-02-15 22:09:56.607214,3076.2,0.9775082649232938,0.4599487283072664,0.7819632063139479
2022-02-15 22:09:59.468415,3076.2,0.8935104627784738,0.46234563787358474,0.7819632063139479
2022-02-15 22:10:03.031257,3076.2,0.9163051910981861,0.46484207939366906,0.7820708182874918
2022-02-15 22:10:06.410883,3076.2,0.844745077557398,0.4625579026023678,0.8111475162583924
2022-02-15 22:10:09.286108,3076.05,0.6772998220437066,0.46080993661467284,0.8111475162583924
2022-02-15 22:10:11.989709,3076.05,0.7941843679109094,0.4620716259222689,0.7981833920740774
2022-02-15 22:10:14.653715,3076.05,0.7296497330746048,0.4776465022023179,0.7981833920740774
2022-02-15 22:10:17.367396,3076.1,0.9532213958956272,0.48206706328910626,0.7858766896457878
2022-02-15 22:10:20.644105,3076.2,0.8433328693871867,0.47142819190024166,0.8152224678995504
2022-02-15 22:10:23.510772,3076.2,0.7929514482219217,0.4733832926105544,0.8152224678995504
2022-02-15 22:10:26.275937,3075.7,0.8306666168796616,0.4656642853934979,0.7175739217412007
2022-02-15 22:10:29.802035,3075.7,0.812375530996521,0.4708073137615145,0.7175739217412007
2022-02-15 22:10:32.521585,3075.6,0.8882085029317364,0.4621439541777308,0.7576734576299159
2022-02-15 22:10:35.291552,3075.8,0.816876911136255,0.4642989068993936,0.7576734576299159
2022-02-15 22:10:38.460526,3075.05,0.8775593794873001,0.458994534779086,0.7321281963692088
2022-02-15 22:10:41.635549,3075.05,0.7308443201812528,0.46133502691284517,0.9136719819702076
2022-02-15 22:10:44.703946,3075.05,0.9680082143791902,0.458086970535681,0.9136719819702076
2022-02-15 22:10:47.473146,3074.75,0.8362142050770696,0.46108067015509047,0.7691755467180676
2022-02-15 22:10:50.234662,3074.75,0.8741640820835278,0.4593041809318496,0.7691755467180676
2022-02-15 22:10:53.615859,3074.75,0.9512321163692042,0.46078093159856426,0.8389292960194915
2022-02-15 22:10:56.866471,3074.75,0.8910441064297572,0.45651639002248934,0.8314765482516423
2022-02-15 22:10:59.658193,3074.75,0.7928583661585886,0.45809871570462257,0.8314765482516423
2022-02-15 22:11:02.525793,3074.6,0.805864006258191,0.4522893994876089,0.8864067202663571
2022-02-15 22:11:05.597531,3074.15,1.0220254326520695,0.4544718039950643,0.8864067202663571
2022-02-15 22:11:08.976467,3074.1,1.0298080687443938,0.44987954504199407,0.8375582070673936
2022-02-15 22:11:11.785070,3073.5,1.0360410007715197,0.4569166691025515,0.7445706624004333
2022-02-15 22:11:14.406414,3073.25,1.096513833399632,0.45285542656261896,0.7445706624004333
2022-02-15 22:11:17.652814,3073.25,0.8489142377043882,0.45596984522588596,0.7694695638905242
2022-02-15 22:11:20.650492,3073.25,0.8272348411425752,0.45409269037241634,0.7694695638905242
2022-02-15 22:11:23.825221,3073.25,0.8521449440414673,0.45472503695900907,0.8153464654730025
2022-02-15 22:11:26.589030,3073.25,0.8006726575227284,0.45268408536605664,0.732356033525532
2022-02-15 22:11:29.711676,3072.95,0.9590984562471585,0.4402152310487084,0.732356033525532
2022-02-15 22:11:32.528913,3072.05,0.7805541226551987,0.44851283057492075,0.7227552869914678
2022-02-15 22:11:35.704625,3072.05,0.8507729356016468,0.4495429802286199,0.7227552869914678
2022-02-15 22:11:38.876579,3071.9,1.0743973248055423,0.44729813793984646,0.8003455842599296
2022-02-15 22:11:41.642225,3071.9,0.9865355942196596,0.4451105575808876,0.8453838495272596
2022-02-15 22:11:44.406679,3071.9,0.9830898835577763,0.4554245577640378,0.8453838495272596
2022-02-15 22:11:47.176419,3070.95,0.7547818534791049,0.4645011337928908,1.0197973833639156
2022-02-15 22:11:50.038789,3071.2,0.7121483493590611,0.4609572541442833,1.0197973833639156
2022-02-15 22:11:52.803781,3071.2,0.8834607934909955,0.4688707205604539,0.9288345512820484
2022-02-15 22:11:55.739686,3071.6,0.7502050575501386,0.4560240995078118,0.7379174036921289
2022-02-15 22:11:58.538662,3071.6,0.8120550713654161,0.45722509280123536,0.7379174036921289
2022-02-15 22:12:01.316574,3071.95,1.064989504279025,0.4566358020317517,0.820179161664391
2022-02-15 22:12:04.886365,3074.1,1.3197721077860767,0.4728516409664621,0.820179161664391
2022-02-15 22:12:07.855136,3074.1,1.1854809968688744,0.4608581179723222,0.6979935621486306
2022-02-15 22:12:10.621726,3074.1,0.8633249937179751,0.45882703183088347,0.6979935621486306
2022-02-15 22:12:14.001100,3074.2,1.145308819910711,0.4584759148160018,0.6980565901503933
2022-02-15 22:12:16.794160,3074.75,0.9290464727243052,0.4661529366425516,0.7790037485943698
2022-02-15 22:12:19.632391,3074.9,1.1739221475385806,0.45226592985356134,0.7790037485943698
2022-02-15 22:12:23.418870,3074.9,0.7892528658384376,0.44508420101702867,0.774618346473944
2022-02-15 22:12:27.007285,3073.6,0.7860426198381241,0.45316560597579914,0.722008644130405
2022-02-15 22:12:29.770460,3073.6,0.8207483332778683,0.45344610108641614,0.722008644130405
2022-02-15 22:12:32.842763,3073.3,0.6489062837659377,0.4567709077033225,0.6999713173323149
2022-02-15 22:12:35.811029,3073.25,0.9269668846234971,0.45489221426997695,0.6999713173323149
2022-02-15 22:12:38.608330,3073.25,0.8861045977074026,0.4525442284811139,0.6906795598063932
2022-02-15 22:12:41.325088,3071.85,0.8964827426303668,0.44739046417189254,0.7498508750103046
2022-02-15 22:12:44.207985,3071.85,1.22295852006189,0.45604972746419914,0.7498508750103046
2022-02-15 22:12:47.534025,3071.85,1.2914195079176765,0.4474736077981307,0.8081720838986306
2022-02-15 22:12:50.660272,3071.85,1.0846184163606445,0.4510791862127952,0.8081720838986306
2022-02-15 22:12:53.421401,3073.0,0.8440806778708108,0.4706363551932354,0.8608736580386872
2022-02-15 22:12:56.184904,3073.0,1.413065678967183,0.4609931434550171,0.8349292346270923
2022-02-15 22:12:59.260552,3073.1,1.1444587367138308,0.460313657992336,0.8349292346270923
2022-02-15 22:13:02.128934,3073.15,0.841841496691655,0.45909708186894055,0.7842827502604924
2022-02-15 22:13:05.098276,3073.25,0.9843693735746388,0.4636021792830114,0.7842827502604924
2022-02-15 22:13:08.374169,3073.25,1.44360246625871,0.4696802520041185,0.7498154966708037
2022-02-15 22:13:11.242612,3073.25,2.283944546167931,0.46653085341600437,0.7967018452283803
2022-02-15 22:13:14.417654,3073.25,1.1243355571183293,0.47295537282895017,0.7967018452283803
2022-02-15 22:13:17.495788,3073.25,0.9883174094627838,0.4689619731169531,0.8036682637162447
2022-02-15 22:13:20.458437,3072.6,1.079759500821359,0.449395186846429,0.8036682637162447
2022-02-15 22:13:23.325505,3072.6,0.9544613215030702,0.45792235589095276,0.6908550757457048
2022-02-15 22:13:26.194775,3072.6,0.8756404285048904,0.4596628513780812,0.6816159366436964
2022-02-15 22:13:29.166531,3072.6,1.1795315786773382,0.45909843097897846,0.6816159366436964
2022-02-15 22:13:32.237714,3072.3,0.776094715765648,0.4564514356801784,0.6809112706134326
2022-02-15 22:13:35.409315,3072.3,0.9541837423889253,0.46526111003151965,0.6809112706134326
2022-02-15 22:13:38.276036,3072.3,1.2102678737290544,0.4640435473066642,0.7468515815455554
2022-02-15 22:13:41.147717,3073.6,0.9472400937534408,0.46518058418553654,0.6810264324885296
2022-02-15 22:13:44.010336,3073.6,1.3019068176439792,0.4597538988604019,0.6810264324885296
2022-02-15 22:13:47.491739,3073.45,1.2565628407802465,0.45884956211936695,0.7526604869664836
2022-02-15 22:13:50.358891,3073.45,1.002741903895116,0.4614131807381255,0.7526604869664836
2022-02-15 22:13:53.431395,3073.45,1.193503918421301,0.45893701920604085,0.7343457505069763
2022-02-15 22:13:56.708269,3073.45,0.8558423743608925,0.4583436234400595,0.8552789774557273
2022-02-15 22:13:59.882477,3073.45,0.9509796509116044,0.4640208652056093,0.8552789774557273
2022-02-15 22:14:02.682128,3073.45,1.5650854496086886,0.46069386368417486,0.7854091760541135
2022-02-15 22:14:05.514534,3073.45,1.318897473666657,0.4568610459290861,0.7854091760541135
2022-02-15 22:14:08.586365,3073.45,0.7639392650774194,0.4574014353715991,0.7709537055751956
2022-02-15 22:14:11.448707,3073.3,0.7772537668255209,0.4623126018552423,0.7548982623716439
2022-02-15 22:14:14.218060,3073.3,0.9645150546618908,0.4604670049677129,0.7548982623716439
2022-02-15 22:14:17.085420,3073.3,1.6571068415502244,0.46656950178570844,0.8038209439107711
2022-02-15 22:14:19.849012,3073.55,1.0820463492402783,0.462650743720782,0.8038209439107711
2022-02-15 22:14:22.762079,3073.8,1.2080053682268075,0.4626993514471948,0.7331757857476046
2022-02-15 22:14:25.482591,3073.85,1.3275536210303256,0.46099273276715336,0.7331757857476046
2022-02-15 22:14:28.349724,3073.85,0.9522440021191251,0.4653738638567443,0.711311837225886
2022-02-15 22:14:31.419315,3073.85,1.124662795604724,0.46728312699258845,0.74188266881065
2022-02-15 22:14:34.186463,3075.35,0.9363328908423121,0.46463886379430325,0.74188266881065
2022-02-15 22:14:37.359910,3075.35,0.9033838502361157,0.4613659482502742,0.7093276574191334
2022-02-15 22:14:40.432371,3076.0,1.4755496137849076,0.46110687227253994,0.7093276574191334
2022-02-15 22:14:43.605433,3076.0,1.3561540397684368,0.4632594292658387,0.9984853191498595
2022-02-15 22:14:46.576886,3076.0,1.0820539857701401,0.46783455891211234,0.7143132036861424
2022-02-15 22:14:49.342858,3076.0,0.9136602823966635,0.46138866025442327,0.7143132036861424
2022-02-15 22:14:52.106565,3077.0,1.8616991498652424,0.4591264716956225,0.644941421400697
2022-02-15 22:14:54.767783,3077.0,1.1752386507010737,0.4502048426446587,0.644941421400697
2022-02-15 22:14:57.534250,3075.2,0.8030751405264062,0.4485748434001865,0.6577151587248911
2022-02-15 22:15:00.612166,3075.2,0.7039950619286413,0.4550148079606745,0.6577151587248911
2022-02-15 22:15:03.779702,3075.2,1.0105242916973467,0.4585653920987674,0.6770171834367815
2022-02-15 22:15:06.647355,3075.8,1.5804906108794217,0.4639125777939664,0.669168344518805
2022-02-15 22:15:10.231163,3075.85,1.237324854117894,0.46232359677617885,0.669168344518805
2022-02-15 22:15:13.017329,3075.85,0.898379963623204,0.4624948563828802,0.6762915330401971
2022-02-15 22:15:15.965195,3075.7,0.9222146007840625,0.4539763884725345,0.6762915330401971
2022-02-15 22:15:18.832176,3075.85,1.1715662758135958,0.4600129028763102,0.7104823117908324
2022-02-15 22:15:21.904140,3075.65,0.9430987839151105,0.4591117559613637,0.7230643833351849
2022-02-15 22:15:24.772074,3075.85,1.1480473696820348,0.4640827512688623,0.7230643833351849
2022-02-15 22:15:28.068416,3075.85,0.8999902849291495,0.4596150243608237,0.7385713409437078
2022-02-15 22:15:31.018380,3075.85,0.8676692117210072,0.4608469631502814,0.6331293008631965
2022-02-15 22:15:34.602478,3076.2,0.9654959918531479,0.45771553281222593,0.6331293008631965
2022-02-15 22:15:37.366412,3076.2,1.1048574955718966,0.45794582502028924,0.7297059553619649
2022-02-15 22:15:40.131957,3076.0,1.1828246429036602,0.4578278508060898,0.7297059553619649
2022-02-15 22:15:42.998928,3076.0,1.175094152572965,0.4586259775505589,0.741180933044281
2022-02-15 22:15:45.865506,3076.0,0.8941639820487515,0.4572103350193881,0.741180933044281
2022-02-15 22:15:48.733145,3075.9,0.9495371192830779,0.45554840974980926,0.7122332098317409
2022-02-15 22:15:51.600524,3075.85,0.9241714876443811,0.45932138104525105,0.7290558581802628
2022-02-15 22:15:54.468650,3075.85,1.1215616234344294,0.4564720930229569,0.7290558581802628
2022-02-15 22:15:57.680905,3075.85,0.9033647959579053,0.457050047167264,0.7607081673326639
2022-02-15 22:16:00.611787,3075.85,0.8384515344115118,0.4569769998991831,0.7607081673326639
2022-02-15 22:16:03.579709,3075.25,0.8599712272613032,0.45671404454752496,0.7666910947183759
2022-02-15 22:16:06.447743,3075.55,0.9463264847592181,0.46153740349160643,0.8359149647606824
2022-02-15 22:16:09.420799,3075.8,1.09735924315514,0.4544921072914361,0.8359149647606824
2022-02-15 22:16:12.183250,3075.8,1.008980665526766,0.4566829717495615,0.7876878662677389
2022-02-15 22:16:15.133711,3075.8,0.835229767603229,0.4603433486522516,0.7876878662677389
2022-02-15 22:16:17.916125,3075.7,0.92433627255472,0.4587377682939001,0.8109387241212856
2022-02-15 22:16:20.886242,3075.7,0.9663396160993396,0.46022847325756,0.8109387241212856
2022-02-15 22:16:23.855451,3075.7,1.313521247292274,0.4587921191246512,0.7833726314125923
2022-02-15 22:16:27.235197,3075.7,1.0623972181770867,0.45882169571445447,0.7259759974129474
2022-02-15 22:16:30.207619,3075.7,0.8961020382735817,0.45900142581754394,0.7259759974129474
2022-02-15 22:16:33.174403,3075.7,1.011064172198753,0.4581027283692521,0.760526546972434
2022-02-15 22:16:36.041110,3075.7,1.0312450436161777,0.45757496318730567,0.8243007188261159
2022-02-15 22:16:38.807484,3075.7,0.8600046038790357,0.4552443251288128,0.8243007188261159
2022-02-15 22:16:41.471569,3075.7,0.8140632351333755,0.4587627868610765,0.8137371543395386
2022-02-15 22:16:44.643232,3075.7,0.8515134518116159,0.4606152352788936,0.8137371543395386
2022-02-15 22:16:47.823404,3075.7,0.9232467172469023,0.4476432468353479,0.7840761640584059
2022-02-15 22:16:51.099067,3075.7,0.9298618664346316,0.4474053913744526,0.8074256575061056
2022-02-15 22:16:53.962090,3075.7,0.6761113968082747,0.44672552712068203,0.8074256575061056
2022-02-15 22:16:56.729906,3075.7,1.019944498210184,0.44667523406826254,0.7461524010884645
2022-02-15 22:16:59.695351,3074.95,0.8745094731828805,0.44615300769910454,0.7461524010884645
2022-02-15 22:17:02.463134,3074.95,0.7679912774980002,0.44508027080665785,0.720654596019374
2022-02-15 22:17:05.638003,3074.95,0.8568064558804076,0.4453613037913653,0.720654596019374
2022-02-15 22:17:08.810028,3074.95,1.0251694598078764,0.4572054741632675,0.7032014527346611
2022-02-15 22:17:11.881619,3074.95,0.7868415460990168,0.45565452176287524,0.7079827157774584
2022-02-15 22:17:14.853934,3076.0,0.9174915582298059,0.4594766556490499,0.7079827157774584
2022-02-15 22:17:17.718029,3076.0,1.3462173118841803,0.4549170406877002,0.6930106993321216
2022-02-15 22:17:20.790750,3076.6,1.4239070136045437,0.4536189613536047,0.6930106993321216
2022-02-15 22:17:23.555244,3076.6,1.2694084888166755,0.4567363217186668,0.6016415068638855
2022-02-15 22:17:26.729580,3076.6,1.187504230338687,0.4565764167733054,0.6980120356884466
2022-02-15 22:17:29.596742,3076.6,1.0254203522193004,0.4541512513959742,0.6980120356884466
2022-02-15 22:17:32.668430,3077.45,1.3320539096950503,0.4525436514422396,0.687492303713311
2022-02-15 22:17:35.538740,3077.45,1.0352615246057304,0.46154599284532505,0.687492303713311
2022-02-15 22:17:39.020173,3078.0,1.1571958728770488,0.45614647075229825,0.7110319463749001
2022-02-15 22:17:41.782478,3078.0,1.212524729055565,0.4551261033495599,0.6698445735522212
2022-02-15 22:17:44.587407,3078.0,1.0307924411520086,0.45508076953091253,0.6698445735522212
2022-02-15 22:17:48.031468,3077.55,1.3675140388042635,0.4574210284844055,0.6873611184166032
2022-02-15 22:17:50.897332,3077.55,0.9277273557897303,0.45488733610431864,0.6873611184166032
2022-02-15 22:17:54.070501,3077.55,0.9480163136848712,0.45560393786978537,0.6708176172003223
2022-02-15 22:17:56.834852,3077.55,1.1126880628281748,0.4548273043611233,0.6903946779883411
2022-02-15 22:17:59.807298,3078.8,1.4372113239257052,0.44366731296654144,0.6903946779883411
2022-02-15 22:18:02.774316,3080.4,0.9688425910159042,0.452600608759632,0.7169921374482014
2022-02-15 22:18:05.949514,3080.4,1.3972225610287325,0.45395714592316627,0.7169921374482014
2022-02-15 22:18:09.432724,3080.5,0.9252067618346095,0.4528811033602551,0.8004158831773107
2022-02-15 22:18:12.912590,3080.5,1.2362139917695476,0.451750641099863,0.6471200659148324
2022-02-15 22:18:15.779362,3080.5,1.5824278443692927,0.45856648428420743,0.6471200659148324
2022-02-15 22:18:18.749457,3080.55,1.0183181418759064,0.4537894323089958,0.7231653993321963
2022-02-15 22:18:21.722909,3080.8,1.0121639066951567,0.4537688525067063,0.6827674239071759
2022-02-15 22:18:24.687767,3080.8,1.1810554686141541,0.4517019604367242,0.6827674239071759
2022-02-15 22:18:27.555226,3080.8,1.0096526297337187,0.45057463253778485,0.6798729056729946
2022-02-15 22:18:30.531021,3080.35,1.3126470412611215,0.44962404507880693,0.6798729056729946
2022-02-15 22:18:33.291237,3080.3,1.011569760584975,0.4547204163016761,0.6628725289625086
2022-02-15 22:18:36.883019,3080.35,0.8449171703117528,0.4501270031634688,0.6414643865884716
2022-02-15 22:18:39.844409,3080.35,0.975845383446801,0.4566611725892143,0.6414643865884716
2022-02-15 22:18:43.022325,3080.35,0.966933429790056,0.45561431193810104,0.6781964348905297
2022-02-15 22:18:45.928025,3080.55,1.3321497624901533,0.4531091470452097,0.6781964348905297
2022-02-15 22:18:48.653111,3080.9,0.9633069774180859,0.45252710145255093,0.6731606576804884
2022-02-15 22:18:51.516806,3080.9,1.2484939759036142,0.45697286301000223,0.6795263423285103
2022-02-15 22:18:54.998737,3080.9,1.2346617709675458,0.44636196911797643,0.6795263423285103
2022-02-15 22:18:58.172509,3082.1,1.180825719156534,0.4517771807146548,0.6527320902295675
2022-02-15 22:19:00.835288,3082.1,1.1599191991942428,0.45589824468344026,0.6527320902295675
2022-02-15 22:19:03.599503,3082.3,1.2635156185095955,0.4506891385474304,0.652025924943555
2022-02-15 22:19:06.469618,3082.3,1.4883872249200363,0.45171632015579255,0.6600391067155315
2022-02-15 22:19:09.643270,3082.3,1.1976430880123565,0.4516183225528519,0.6600391067155315
2022-02-15 22:19:12.406386,3082.25,1.1298879196896388,0.4518274748929732,0.6710189275831839
2022-02-15 22:19:15.171156,3082.25,1.5275079911482665,0.4561373879085835,0.6710189275831839
2022-02-15 22:19:17.935987,3082.25,1.4678406535652035,0.460362028735884,0.6606103980472466
2022-02-15 22:19:20.906390,3082.25,1.1890812630137766,0.45533537606088986,0.6606103980472466
2022-02-15 22:19:23.772244,3084.25,1.4405233991713058,0.4494490397558135,0.6879009031688761
2022-02-15 22:19:27.151872,3084.25,1.778351509438005,0.44735509914957955,0.7232972174545038
2022-02-15 22:19:30.122052,3084.2,1.42949300155521,0.4530979524732817,0.7232972174545038
2022-02-15 22:19:33.193299,3084.2,1.2853423157198653,0.44605823039893416,0.6820878143256822
2022-02-15 22:19:35.957935,3084.2,1.2083035837310387,0.4516075878919503,0.6820878143256822
2022-02-15 22:19:38.570011,3083.9,1.415208835182772,0.45178995715445813,0.6381237696314216
2022-02-15 22:19:42.308176,3083.9,1.0904596588636908,0.44278194446612124,0.6341768027185081
2022-02-15 22:19:45.174896,3082.7,1.0153657566922876,0.43598865710750295,0.6341768027185081
2022-02-15 22:19:48.348324,3082.7,0.9445689687764992,0.4471156844194212,0.6309252907448822
2022-02-15 22:19:51.421546,3082.7,0.9985969775854495,0.44712818951101013,0.6699413060904525
2022-02-15 22:19:54.208799,3082.7,1.0309211641271356,0.4598756974810983,0.6699413060904525
2022-02-15 22:19:56.953256,3083.1,1.486127550925553,0.46386864101468783,0.6953208778639319
2022-02-15 22:20:00.127810,3083.1,1.4621790742615255,0.45003107882713966,0.6953208778639319
2022-02-15 22:20:03.302027,3083.1,1.189067426014441,0.452198185228532,0.7133149112111652
2022-02-15 22:20:06.166105,3082.85,1.5567254024632131,0.45436744791084327,0.7133149112111652
2022-02-15 22:20:09.445983,3082.5,1.0945953593661573,0.4567445072564569,0.7034793279060835
2022-02-15 22:20:12.209375,3082.5,1.2225675763848933,0.44280377719113484,0.49678282320384587
2022-02-15 22:20:15.081511,3081.95,0.8318925731742169,0.455202405329919,0.49678282320384587
2022-02-15 22:20:17.942908,3082.0,1.2370197919983021,0.45810749999442346,0.6150211839999863
2022-02-15 22:20:20.912585,3082.0,1.0511973206809937,0.45515501763111527,0.6150211839999863
2022-02-15 22:20:23.881437,3082.0,0.9490369162356532,0.4565977988624161,0.6477978774001285
2022-02-15 22:20:27.166973,3082.05,1.0756536058288781,0.4516710194455417,0.6489653902770475
2022-02-15 22:20:30.026415,3082.05,1.2694573967105107,0.45285786801754013,0.6489653902770475
2022-02-15 22:20:33.507417,3082.7,1.0317078918785987,0.4616739986877999,0.6541970044720343
2022-02-15 22:20:36.374502,3082.7,1.4797803884526832,0.46186689459597957,0.7107638132186435
2022-02-15 22:20:39.241500,3082.7,1.0697067839594991,0.46035049769152986,0.7107638132186435
2022-02-15 22:20:42.340480,3082.95,1.2839998094080929,0.4647820047514222,0.6646405584769095
2022-02-15 22:20:45.718953,3083.0,1.4704353145070852,0.46531595672172876,0.6646405584769095
2022-02-15 22:20:49.071824,3083.2,1.3985296039733364,0.4664886884277332,0.7471191130273585
2022-02-15 22:20:51.938694,3083.2,1.3973888080537973,0.4625011261577041,0.717064834327844
2022-02-15 22:20:54.807653,3083.45,1.2683247023122342,0.4643149217293454,0.717064834327844
2022-02-15 22:20:57.955529,3083.45,1.1951211925144334,0.4647167898089312,0.5828580831113352
2022-02-15 22:21:01.359393,3083.55,1.1833687497534002,0.46251126790297037,0.5828580831113352
2022-02-15 22:21:04.738773,3083.65,1.1809764309764306,0.45950445786125355,0.7119541879641085
2022-02-15 22:21:07.915141,3083.65,1.2906241521274964,0.4530529807517533,0.7835389956775022
2022-02-15 22:21:10.678378,3083.65,1.1350771337830332,0.45185823788696594,0.7835389956775022
2022-02-15 22:21:13.670896,3083.65,0.8579713322267114,0.45612996225141045,0.7157970113383673
2022-02-15 22:21:16.515444,3083.65,1.2382301164575242,0.46007641603155935,0.7425004089862729
2022-02-15 22:21:19.181016,3083.1,1.2086781881212183,0.4549369132578033,0.7425004089862729
2022-02-15 22:21:22.048153,3083.1,1.1861866863766726,0.45461531365725866,0.7588534550454614
2022-02-15 22:21:24.911876,3083.1,1.6715474443752139,0.4519769273768747,0.7588534550454614
2022-02-15 22:21:27.779002,3083.1,1.2029780024518246,0.4576230671719222,0.7276137356511689
2022-02-15 22:21:31.260864,3083.1,0.9323484777793603,0.44641217530620114,0.7276137356511689
2022-02-15 22:21:34.332446,3083.1,1.0225487839643157,0.44631092808961786,0.7357617691672111
2022-02-15 22:21:37.814634,3083.1,0.9988483666408571,0.4493768077896566,0.734098928280609
2022-02-15 22:21:40.681235,3082.6,0.8614546963888956,0.43600887970319935,0.734098928280609
2022-02-15 22:21:43.653959,3082.6,1.3437493217187466,0.43635508004943324,0.6272078904950149
2022-02-15 22:21:46.381961,3082.6,0.8481650964558096,0.4389658691111252,0.7345017707388932
2022-02-15 22:21:49.590191,3079.0,0.8184652421954627,0.4304129198991503,0.7345017707388932
2022-02-15 22:21:52.564130,3079.0,0.9995359496931585,0.44365932085026105,0.8320180710359398
2022-02-15 22:21:55.938906,3077.75,1.1112308957439125,0.4449168857771553,0.8320180710359398
2022-02-15 22:21:58.987856,3077.75,1.114667148568976,0.44386682862687316,0.8718936649880912
2022-02-15 22:22:01.776006,3079.3,0.9460324427131911,0.46029074564738426,0.5908535508199693
2022-02-15 22:22:04.540427,3079.3,0.9793324221652888,0.4568429810398293,0.5908535508199693
2022-02-15 22:22:07.510898,3079.65,0.9130449857840561,0.4409991199375866,0.688757835897724
2022-02-15 22:22:10.583409,3079.65,1.043343841545619,0.45410347001774254,0.688757835897724
2022-02-15 22:22:13.879065,3079.65,1.3592907851516969,0.45332480612074766,0.6985882415329332
2022-02-15 22:22:16.802956,3079.65,0.9410342184846097,0.4515073626901602,0.6866440714123756
2022-02-15 22:22:19.594185,3079.65,0.990115114432151,0.45123189721995605,0.6866440714123756
2022-02-15 22:22:23.280815,3079.6,1.1698971802089793,0.43883311304453604,0.6572247818427993
2022-02-15 22:22:26.353213,3079.6,1.1604684915786279,0.4445805783070009,0.7001658972175272
2022-02-15 22:22:29.436640,3079.6,0.9600499648173499,0.4435063065896947,0.7001658972175272
2022-02-15 22:22:32.393956,3079.6,1.095399195609182,0.45103790235217456,0.6623228677416474
2022-02-15 22:22:35.617486,3079.6,0.9460429727267855,0.4506073840521416,0.6623228677416474
2022-02-15 22:22:38.503860,3079.9,1.2821626639373527,0.4514640799927283,0.6296186507724566
2022-02-15 22:22:41.519485,3079.9,1.152365557151356,0.4518423590541639,0.6291297020379281
2022-02-15 22:22:44.583205,3080.1,1.0594350013768243,0.45132836618756217,0.6291297020379281
2022-02-15 22:22:47.753477,3080.15,1.252446246942191,0.4523412428804905,0.64796995184394
2022-02-15 22:22:50.626586,3080.15,1.1444852895207374,0.44482119870854264,0.64796995184394
2022-02-15 22:22:53.492990,3080.15,1.18373545460522,0.4403763062265706,0.6716359030655915
2022-02-15 22:22:56.767639,3079.6,1.1160493519596912,0.4461797138411926,0.696553392979231
2022-02-15 22:22:59.939791,3079.45,1.2331918867166258,0.44418751608345297,0.696553392979231
2022-02-15 22:23:02.811155,3079.45,1.0589389225659926,0.4465583257917573,0.7148248171730811
2022-02-15 22:23:05.795797,3079.4,0.984897910447761,0.4485451701416867,0.7148248171730811
2022-02-15 22:23:08.848110,3079.4,1.0475646252717636,0.45089467006387496,0.6490761583656002
2022-02-15 22:23:11.920100,3079.9,1.13295799843168,0.4496504438034027,0.7534690733510188
2022-02-15 22:23:14.892600,3080.25,1.1008533508379659,0.4539068433541756,0.7534690733510188
2022-02-15 22:23:18.375086,3081.8,1.2678117160985685,0.4583946492972383,0.7154203896924411
2022-02-15 22:23:21.664731,3081.8,1.4042130139865698,0.4495575891741446,0.6260706479468263
2022-02-15 22:23:25.036765,3081.8,0.9741239972861873,0.4513539042966798,0.6260706479468263
2022-02-15 22:23:28.514138,3080.15,1.1831648213707817,0.43869807543897016,0.6756127652180852
2022-02-15 22:23:31.582470,3079.85,1.2866863440066774,0.454508986451971,0.6665624128911019
2022-02-15 22:23:34.552160,3080.65,0.9401934194905851,0.45010175203994957,0.6665624128911019
2022-02-15 22:23:37.583679,3080.65,1.1136854721145037,0.4499131917414865,0.6173860874642637
2022-02-15 22:23:40.387552,3080.1,1.093377835090647,0.453037639796587,0.6173860874642637
2022-02-15 22:23:43.563703,3080.1,0.9158691512185715,0.44763882990922726,0.6791410284050465
2022-02-15 22:23:46.326618,3080.15,0.8432012675089816,0.45182057809722265,0.6791410284050465
2022-02-15 22:23:49.296035,3080.2,1.0686576207407879,0.45292313467383694,0.6924031026537488
2022-02-15 22:23:52.062678,3080.2,1.1326538094888903,0.45153122345371627,0.715774419279469
2022-02-15 22:23:54.933659,3080.2,1.5008535311170952,0.45268647605366763,0.715774419279469
2022-02-15 22:23:58.204625,3080.1,1.2688179252585952,0.4512360382203373,0.6787696165694189
2022-02-15 22:24:01.482277,3080.1,1.0495829721084569,0.4526273367960548,0.6907613676348336
2022-02-15 22:24:04.349166,3080.1,0.980359548925116,0.45191695124825415,0.6907613676348336
2022-02-15 22:24:07.628743,3080.1,1.0060602188166599,0.4505049971002017,0.709892798804088
2022-02-15 22:24:11.619619,3080.1,1.0388382613965972,0.4498997189457114,0.7885528493899424
2022-02-15 22:24:14.590612,3080.15,1.2279769733047228,0.4516520887266183,0.7885528493899424
2022-02-15 22:24:17.867149,3079.95,1.3780525396444838,0.45243171189155423,0.6887783014461584
2022-02-15 22:24:20.952584,3079.95,1.3549754548079695,0.4525629416836041,0.6887783014461584
2022-02-15 22:24:24.726139,3079.95,1.1649287747725012,0.4529665694041043,0.7483981753944331
2022-02-15 22:24:27.641586,3080.0,1.1286487693252216,0.448551722151946,0.6509870576843984
2022-02-15 22:24:30.282221,3079.65,1.0433068604183515,0.4485396103591956,0.6509870576843984
2022-02-15 22:24:33.225674,3079.65,1.1090340979541227,0.45235987787468307,0.6615352870480818
2022-02-15 22:24:36.604791,3079.9,1.1323020787830511,0.4509800344609096,0.7488025696431612
2022-02-15 22:24:40.087119,3080.65,1.180670499962513,0.45780116914517377,0.7488025696431612
2022-02-15 22:24:42.749259,3080.65,1.3057323803786856,0.4540172528833947,0.7228733717065636
2022-02-15 22:24:45.515733,3080.65,1.1328032229385685,0.45194703792109664,0.7228733717065636
2022-02-15 22:24:48.278495,3080.65,1.4270721562481161,0.4520638796248571,0.7040997633904954
2022-02-15 22:24:51.248326,3080.65,1.3794747307477584,0.45444416928011305,0.7040997633904954
2022-02-15 22:24:54.115983,3080.65,1.6756361259891739,0.45360430317737965,0.7506450305988718
2022-02-15 22:24:57.596534,3080.7,1.2400966801073705,0.4554117615671937,0.680350205287312
2022-02-15 22:25:00.259403,3080.7,1.082815477463941,0.4637165345122016,0.680350205287312
2022-02-15 22:25:03.638522,3083.35,1.0998625289447135,0.4621341350488618,0.6276459781049486
2022-02-15 22:25:06.611195,3083.35,1.900338227381044,0.4531704855516421,0.6276459781049486
2022-02-15 22:25:09.578249,3082.3,0.9494366249906413,0.442769958953879,0.6016261056413004
2022-02-15 22:25:12.547533,3082.3,1.149062516812826,0.4511829870589225,0.6693051679234412
2022-02-15 22:25:15.389381,3081.95,1.2907713898567554,0.4477022343440358,0.6693051679234412
2022-02-15 22:25:18.083317,3081.95,1.2119446423973124,0.44159693274383033,0.7499876675438941
2022-02-15 22:25:21.149219,3080.1,0.9989245528333482,0.45202459703401526,0.7499876675438941
2022-02-15 22:25:24.222889,3080.1,1.2630171743489707,0.45030785197731554,0.711902040452355
2022-02-15 22:25:27.807587,3080.7,0.8723634118736495,0.4581445213658841,0.7266110428261077
2022-02-15 22:25:30.774953,3080.7,0.9521212878764206,0.4603095471726681,0.7266110428261077
2022-02-15 22:25:33.544242,3080.7,0.9830037188249878,0.45994560445096117,0.7190960480065596
2022-02-15 22:25:36.714158,3080.5,0.8723915603343433,0.45868589449231334,0.7323812635154991
2022-02-15 22:25:39.683880,3080.5,1.2320351033251242,0.442645861442827,0.7323812635154991
2022-02-15 22:25:43.168001,3080.65,0.8896737858981015,0.44954821176085014,0.6697932320336422
2022-02-15 22:25:45.962072,3080.65,1.2622270301268812,0.4519830718136842,0.6697932320336422
2022-02-15 22:25:49.413868,3080.6,0.8559578800973525,0.4402566462201854,0.6585660214508354
2022-02-15 22:25:52.381504,3080.6,1.064730215326332,0.4505508750154802,0.6997989011026067
2022-02-15 22:25:55.759977,3080.6,1.1247349243344382,0.44969012236059164,0.6997989011026067
2022-02-15 22:25:58.562732,3080.6,1.487949876448755,0.4510246386983744,0.7020254040101658
2022-02-15 22:26:01.326109,3080.6,1.1256505189282422,0.45243765255673224,0.7020254040101658
2022-02-15 22:26:04.055678,3080.6,1.167331866648495,0.4496898843477677,0.7291888407900037
2022-02-15 22:26:07.127766,3080.6,1.1150963900073492,0.4509579152392286,0.6824533104546238
2022-02-15 22:26:10.303475,3080.55,1.1349415726501035,0.454500079861558,0.6824533104546238
2022-02-15 22:26:13.170862,3080.5,1.3517897598550066,0.4541657800382769,0.7543863763129358
2022-02-15 22:26:16.445701,3080.5,1.0702856012136404,0.4574282232512366,0.7543863763129358
2022-02-15 22:26:19.209406,3080.4,0.8880958646495896,0.45670294531127703,0.7114692322601256
2022-02-15 22:26:22.283793,3080.4,0.9539817783026825,0.4522256559618946,0.6565766641730468
2022-02-15 22:26:25.353285,3080.45,0.9525557178969828,0.4504617882190312,0.6565766641730468
2022-02-15 22:26:29.244501,3080.45,1.054658224576819,0.4523311353106101,0.7522503328703353
2022-02-15 22:26:32.113176,3080.45,1.0517578858023802,0.44787741505186507,0.722787564408767
2022-02-15 22:26:34.979372,3080.45,0.9954934279157105,0.4447743173477714,0.722787564408767
2022-02-15 22:26:37.849464,3080.45,1.0513983220135834,0.44736021565450707,0.7563824512126982
2022-02-15 22:26:40.817329,3080.1,0.9865711166709322,0.44858274528150466,0.7563824512126982
2022-02-15 22:26:43.786697,3080.15,1.168148831199954,0.4578337353668579,0.7106381076636998
2022-02-15 22:26:46.599437,3080.15,1.2069553708447194,0.45105439114425583,0.7835317702630734
2022-02-15 22:26:49.521071,3079.6,0.8354411152003333,0.4519201128117832,0.7835317702630734
2022-02-15 22:26:52.490044,3079.6,0.9057448395921411,0.4506562738675616,0.7842405781080055
2022-02-15 22:26:55.152995,3079.6,1.0802279925437825,0.4303003763228146,0.7842405781080055
2022-02-15 22:26:59.043455,3078.45,1.0907828935268309,0.44455586557320265,0.7775192108678098
2022-02-15 22:27:02.218110,3078.8,1.090812321202847,0.44728637724816617,0.7632793880243568
2022-02-15 22:27:05.290826,3078.45,0.9782009800976662,0.4463336845598702,0.7632793880243568
2022-02-15 22:27:08.054797,3078.75,1.2340073348747949,0.44619882348608186,0.7926009499974159
2022-02-15 22:27:10.921363,3078.75,1.434180025265843,0.4468976096856886,0.7926009499974159
2022-02-15 22:27:13.686852,3078.75,1.1369479219547702,0.4483016132609797,0.8588101814140489
2022-02-15 22:27:16.554148,3078.7,0.854870066325976,0.44575841986861786,0.8588101814140489
2022-02-15 22:27:19.524063,3078.7,1.034955743932334,0.44774710941980567,0.7958512632270915
2022-02-15 22:27:22.800593,3078.5,1.1094253051905951,0.44691453005017817,0.7993136193978796
2022-02-15 22:27:25.565136,3078.5,0.942134278745117,0.43771411972970636,0.7993136193978796
2022-02-15 22:27:28.739670,3078.45,1.151016997919525,0.443866458200778,0.8029623381324633
2022-02-15 22:27:31.711840,3078.45,1.1514321926489226,0.44446970311008016,0.8162623579230499
2022-02-15 22:27:34.474026,3078.45,0.9591619260845928,0.4407241847719218,0.8162623579230499
2022-02-15 22:27:37.586146,3078.45,0.9452150687107792,0.4375757401198463,0.7968576958798691
2022-02-15 22:27:41.027739,3078.45,0.9449249983646069,0.4366190043454212,0.7968576958798691
2022-02-15 22:27:44.099564,3078.45,0.8430815138350897,0.4419741951964787,0.8626899474270497
2022-02-15 22:27:47.171172,3078.45,0.6671404120718417,0.44307904121153885,0.946767891140862
2022-02-15 22:27:50.244329,3078.45,0.5674534891645087,0.4430699423726507,0.946767891140862
2022-02-15 22:27:53.008454,3077.25,0.6888588207139045,0.4433141229563662,0.9224060296974165
2022-02-15 22:27:56.242548,3077.3,0.7390862246650635,0.44354696882547434,0.9224060296974165
2022-02-15 22:27:59.152531,3077.7,0.9227884620648499,0.4469898246833625,0.8687702151338426
2022-02-15 22:28:02.019194,3077.3,0.6802482940235962,0.44403799837673785,0.7827829560062253
2022-02-15 22:28:04.989241,3077.3,0.8147330272757527,0.4444748092110715,0.7827829560062253
2022-02-15 22:28:08.061990,3077.3,0.8377440919150108,0.441061367141753,0.8292552975349149
2022-02-15 22:28:11.133231,3076.15,0.962702348548204,0.43924605498422237,0.8292552975349149
2022-02-15 22:28:14.103080,3076.15,1.1858592516135453,0.44349568627135444,0.837255387579717
2022-02-15 22:28:16.872547,3076.15,0.7812229837093274,0.44217898981981885,0.8513836453531624
2022-02-15 22:28:19.735158,3075.8,0.8593459743172315,0.4345186390318419,0.8513836453531624
2022-02-15 22:28:22.812025,3076.05,0.9285031452479022,0.43614108139035795,1.0665148551831614
2022-02-15 22:28:25.674036,3076.05,0.7089553757696024,0.44113258533824196,1.0665148551831614
2022-02-15 22:28:29.155760,3076.05,0.9369160730666001,0.4375545725376745,0.9960478489726803
2022-02-15 22:28:31.925863,3076.05,1.097179740785419,0.4514680257848548,0.8567630888691788
2022-02-15 22:28:35.300819,3074.95,1.0706352911342796,0.4558062614066429,0.8567630888691788
2022-02-15 22:28:38.168337,3074.95,1.178889050882053,0.44449607194234897,0.8958483726257993
2022-02-15 22:28:41.136467,3076.1,0.9626035185102284,0.4534752600945656,0.8958483726257993
2022-02-15 22:28:43.830378,3076.25,1.1617282269570726,0.45094359819412444,0.7369500248258624
2022-02-15 22:28:46.768467,3076.25,0.9432825855311596,0.46020743243458445,0.7369500248258624
2022-02-15 22:28:49.637519,3076.25,1.1327293068767428,0.4561779568585321,0.7490657167097062
2022-02-15 22:28:52.399957,3077.7,1.11620959334991,0.4541880427553033,0.7908657876934295
2022-02-15 22:28:55.269924,3077.7,0.9581000252557917,0.44089817538697995,0.7908657876934295
2022-02-15 22:28:58.339816,3079.7,1.1339027428788615,0.4392832304986151,0.8558510652900906
2022-02-15 22:29:01.594605,3078.5,1.1983740130945502,0.4405054433879903,0.8558510652900906
2022-02-15 22:29:04.484017,3078.2,0.9047581619720384,0.4390863058318487,0.713439217968103
2022-02-15 22:29:07.350716,3077.85,0.9821879275236025,0.4432235830438486,0.7271338037307989
2022-02-15 22:29:10.321379,3077.85,1.1713126480976437,0.4432217669696476,0.7271338037307989
2022-02-15 22:29:13.292594,3077.85,1.1790144330118244,0.4449606253128917,0.745993550350249
2022-02-15 22:29:16.157824,3077.85,1.262344709704324,0.456587044372576,0.745993550350249
2022-02-15 22:29:18.824500,3077.85,1.097317579863329,0.4448456743791697,0.735791374756897
2022-02-15 22:29:21.584140,3077.85,1.1471046123225177,0.44623026193037785,0.735791374756897
2022-02-15 22:29:24.350152,3078.45,1.4642869631504962,0.44785553295525715,0.6744775679249921
2022-02-15 22:29:27.114200,3078.5,1.619289966603746,0.4474307050379429,0.7333789142429977
2022-02-15 22:29:29.981585,3078.5,1.142610402973478,0.4465584233318591,0.7333789142429977
2022-02-15 22:29:32.951246,3078.5,1.2972809404118664,0.4552770155288957,0.6401180674070369
2022-02-15 22:29:35.717904,3080.5,1.2252213714334603,0.44553135521162057,0.6401180674070369
2022-02-15 22:29:38.685274,3080.5,0.9685903839267201,0.4445579271055657,0.680075955417534
2022-02-15 22:29:41.653749,3080.5,1.2430155904026472,0.44480989565560963,0.680075955417534
2022-02-15 22:29:45.034157,3079.85,1.153587744574624,0.4470249873218666,0.7812334162977167
2022-02-15 22:29:48.003881,3079.85,1.2212023520087394,0.447549191011949,0.7812131303533444
2022-02-15 22:29:50.973374,3079.45,1.3791348014373905,0.44507765768647906,0.7812131303533444
2022-02-15 22:29:53.877578,3079.6,0.9691889041053389,0.4496332433441521,0.8261675865226208
2022-02-15 22:29:57.117174,3079.35,1.1264363994991302,0.4471363168895223,0.8970931011727131
2022-02-15 22:29:59.883565,3079.6,1.1266861063814602,0.44369302346359607,0.8970931011727131
2022-02-15 22:30:03.058240,3078.5,1.0788768443239984,0.44583075891200236,0.8842621355036131
2022-02-15 22:30:06.130467,3078.5,1.017254957392674,0.44370769941800375,0.8842621355036131
2022-02-15 22:30:08.996960,3078.5,1.1135579523202683,0.4436348677569472,0.767256032589053
2022-02-15 22:30:11.862390,3078.5,1.1269645241572999,0.4425816445845189,0.767256032589053
2022-02-15 22:30:14.628878,3078.4,1.3072095851003884,0.44854089247846657,0.7436102589637753
2022-02-15 22:30:18.032573,3078.4,1.1361902612424533,0.4474206077933943,0.7766688169738388
2022-02-15 22:30:20.776406,3078.8,1.2330638092861,0.44849618612179903,0.7766688169738388
2022-02-15 22:30:23.638995,3078.8,1.3034461213111599,0.449568877830051,0.7757812478534929
2022-02-15 22:30:27.325602,3078.8,1.2481706426682386,0.4596863516142675,0.730139831925785
2022-02-15 22:30:30.192146,3079.7,1.495602294455067,0.4494931222314761,0.730139831925785
2022-02-15 22:30:33.366294,3080.4,1.1535948477751756,0.454432002147943,0.7547333630751322
2022-02-15 22:30:36.637844,3080.4,1.31266430851302,0.45306645897115483,0.7547333630751322
2022-02-15 22:30:39.510497,3080.65,1.4525719150461511,0.45153209431551605,0.7541507238171664
2022-02-15 22:30:42.450869,3081.0,1.4637208793612602,0.4542830866272642,0.7280858959224099
2022-02-15 22:30:45.247828,3081.0,1.5038379033081852,0.45373950834800203,0.7280858959224099
2022-02-15 22:30:48.214737,3081.0,1.1851025102092967,0.4554421617106259,0.6701897692997466
2022-02-15 22:30:50.979431,3082.05,1.3920850011472856,0.4417659535221953,0.6701897692997466
2022-02-15 22:30:53.643165,3081.25,1.1276775356058548,0.44951696540171954,0.7866619764121877
2022-02-15 22:30:56.612396,3081.25,1.1470692439952066,0.44561976272662535,0.7866619764121877
2022-02-15 22:30:59.172162,3081.05,1.3501188803310862,0.4480760511757903,0.8521927830727636
2022-02-15 22:31:02.141987,3081.05,1.5394560504532908,0.44716392567825264,0.7691581275145896
2022-02-15 22:31:04.908462,3080.85,1.0984470756232518,0.4484215180233386,0.7691581275145896
2022-02-15 22:31:08.182464,3080.85,1.0143667520772544,0.4454590468101533,0.7739556716354494
2022-02-15 22:31:11.459562,3080.85,1.2792898602529401,0.45021517365723235,0.7739556716354494
2022-02-15 22:31:14.350385,3080.8,1.4675932781879593,0.4442508688645984,0.7993773958405294
2022-02-15 22:31:17.300688,3080.8,1.1562270401688506,0.4466546881497553,0.8414067992665045
2022-02-15 22:31:20.317114,3080.8,1.2279330348546116,0.4468965388579194,0.8414067992665045
2022-02-15 22:31:23.238413,3080.8,1.1303298766830843,0.4457779357063967,0.8326652654228951
2022-02-15 22:31:26.460998,3080.8,0.9515644687689071,0.44510404667587605,0.8326652654228951
2022-02-15 22:31:29.754679,3080.05,0.9399629632942984,0.42877677595371294,0.8129866404800815
2022-02-15 22:31:32.763647,3080.05,1.2118329770059777,0.43019864007342984,0.8628151530604391
2022-02-15 22:31:35.421258,3079.2,0.8643448122827224,0.43579553306625757,0.8628151530604391
2022-02-15 22:31:38.287942,3079.2,0.9541999147225436,0.432102332924855,0.8548542780814097
2022-02-15 22:31:40.951056,3078.9,0.8448108688043968,0.4392824486190502,0.8548542780814097
2022-02-15 22:31:44.023481,3078.9,0.8448108688043968,0.4362179858005603,0.8232368894191129
2022-02-15 22:31:46.995484,3078.9,0.7687108852871143,0.43273139438091,0.8232368894191129
2022-02-15 22:31:49.865735,3078.9,0.8592856886537583,0.43807469577050984,0.8175238651591438
2022-02-15 22:31:52.829682,3078.5,1.0859777155144328,0.4353347927664301,0.7907308602912965
2022-02-15 22:31:55.800419,3078.05,0.8596319648820764,0.4309743149019046,0.7907308602912965
2022-02-15 22:31:58.665333,3078.05,0.88968382775906,0.43605965447595885,0.7894426310870039
2022-02-15 22:32:01.477190,3078.05,0.9548579438004764,0.43509682615864015,0.7894426310870039
2022-02-15 22:32:04.196206,3078.05,0.7316151044308176,0.43668419079774823,0.865684455482931
2022-02-15 22:32:06.962957,3078.05,1.5577512158150697,0.4459357782105451,0.865684455482931
2022-02-15 22:32:09.828802,3079.3,1.0646440599870548,0.44269972566067206,0.8590697449558841
2022-02-15 22:32:13.309114,3079.3,0.9833513488781745,0.45014922814611463,0.8134401529734657
2022-02-15 22:32:16.381493,3079.3,1.6855697939167484,0.4475358990031014,0.8134401529734657
2022-02-15 22:32:19.334985,3079.3,1.23447215425711,0.44736559734811027,0.7916942258527614
2022-02-15 22:32:22.736216,3079.3,1.2019548504099955,0.44524047999438204,0.7983905985157481
2022-02-15 22:32:25.495694,3080.8,1.7098805295447204,0.43852009340479503,0.7983905985157481
2022-02-15 22:32:28.361487,3080.8,1.1848572009645835,0.4457259635794491,0.7707147962017306
2022-02-15 22:32:31.127147,3080.8,1.4259090207776173,0.44749221215304297,0.7707147962017306
2022-02-15 22:32:33.891505,3080.8,1.100296278300915,0.4303843594378843,0.7964314922344151
2022-02-15 22:32:36.693935,3080.8,1.230342659403757,0.43438766764700704,0.7964314922344151
2022-02-15 22:32:39.697272,3078.35,0.9066383994885586,0.4361034352621803,0.8307318939422039
2022-02-15 22:32:42.331461,3079.15,1.1354341987466425,0.43535775830044093,0.7971914277794698
2022-02-15 22:32:45.259155,3079.15,1.2628627308624047,0.43599616280382675,0.7971914277794698
2022-02-15 22:32:48.227633,3078.6,0.7183616600588048,0.4371385362214676,0.8173663018336934
2022-02-15 22:32:51.299201,3078.6,0.8453634186107363,0.4377659042037517,0.8173663018336934
2022-02-15 22:32:54.577977,3078.45,1.0929705354352903,0.43848330625285137,0.8086907537163357
2022-02-15 22:32:57.547734,3078.45,0.9280986193972112,0.4371771904053527,0.7186185332922244
2022-02-15 22:33:00.413553,3078.45,0.8261456011284833,0.437707097402731,0.7186185332922244
2022-02-15 22:33:03.178005,3078.45,1.4617771107067692,0.436484483729855,0.7689383569339199
2022-02-15 22:33:05.942348,3078.45,1.3123203088633932,0.41064839827887567,0.7689383569339199
2022-02-15 22:33:08.913571,3078.45,0.8908813645477394,0.4093532544873797,0.7931867332690814
2022-02-15 22:33:11.882449,3078.45,0.9072945309314456,0.4126065780115069,0.7931867332690814
2022-02-15 22:33:15.466382,3081.1,1.2639480611109606,0.4042635637740598,0.7778129293311401
2022-02-15 22:33:18.333720,3080.7,1.2551150148552745,0.41093496144098024,0.7804502186635628
2022-02-15 22:33:21.714262,3080.7,1.8830735410078931,0.4095180242122583,0.7804502186635628
2022-02-15 22:33:24.581240,3080.7,1.7265792811839322,0.41091394559335487,0.7546845899170925
2022-02-15 22:33:27.653175,3081.2,1.0586042553191488,0.41081111416687954,0.7931869007979144
2022-02-15 22:33:30.827235,3081.2,1.038857923497268,0.41064256224882684,0.7931869007979144
2022-02-15 22:33:33.592129,3081.2,1.3314484432239746,0.41077176922419095,0.734854090813528
2022-02-15 22:33:36.458171,3081.2,1.2074163923063592,0.41111992728611524,0.734854090813528
2022-02-15 22:33:39.433486,3081.25,1.1562308179353207,0.41133108624532944,0.7123893206138554
2022-02-15 22:33:42.604089,3081.25,1.2826576222927069,0.4035125963285135,0.7969471994035415
2022-02-15 22:33:46.084353,3081.25,1.0740430632955407,0.40708176410758545,0.7969471994035415
2022-02-15 22:33:49.258662,3081.25,1.443316940269215,0.407775456225946,0.8070585500274859
2022-02-15 22:33:52.125046,3081.25,1.159246240389802,0.405875146099329,0.7635103946264274
2022-02-15 22:33:55.242299,3080.45,1.1518151333304125,0.40560345061737374,0.7635103946264274
2022-02-15 22:33:58.024424,3080.3,1.0962849060243027,0.4038766750347984,0.7454506894543423
2022-02-15 22:34:01.443583,3080.3,0.8511454948777185,0.40582696402249285,0.7454506894543423
2022-02-15 22:34:04.518702,3080.15,0.778790016428896,0.4053596043735069,0.7965302915651649
2022-02-15 22:34:07.690197,3080.15,1.2005065951551264,0.4068268728263651,0.8083253042451038
2022-02-15 22:34:10.457172,3080.15,0.9935586140955637,0.4055646176133112,0.8083253042451038
2022-02-15 22:34:13.157672,3080.3,0.9652334100900143,0.40663594275686393,0.8295063835599689
2022-02-15 22:34:15.885245,3080.05,1.257130287357555,0.4081150887853161,0.8295063835599689
2022-02-15 22:34:19.158785,3080.05,0.9400203520811723,0.4163288787153125,0.8835630603855024
2022-02-15 22:34:21.923611,3080.2,0.967351949627626,0.4079669150261865,0.8835630603855024
2022-02-15 22:34:24.790981,3080.2,1.4550068273586623,0.402103393240595,0.8166529964307202
2022-02-15 22:34:28.070960,3080.2,1.0467097662299352,0.4045929292018455,0.7600594833812914
2022-02-15 22:34:31.549720,3080.2,1.3557289188025476,0.40633658103932113,0.7600594833812914
2022-02-15 22:34:34.213302,3080.2,1.6167949586937707,0.40453019365397297,0.810929651338613
2022-02-15 22:34:37.181387,3080.5,1.1248409585849004,0.4037649966199916,0.8310510012029332
2022-02-15 22:34:39.949497,3080.45,0.9702185392585893,0.40100079902134744,0.8310510012029332
2022-02-15 22:34:43.121031,3080.45,1.1630509650529663,0.4039950196806876,0.8084273671524104
2022-02-15 22:34:45.988011,3080.45,1.2853473798738322,0.4023657325699124,0.8084273671524104
2022-02-15 22:34:49.060540,3080.45,0.8547722905164262,0.40047222529389404,0.814781446595642
2022-02-15 22:34:52.234412,3080.45,1.2132053418218895,0.40049003392169497,0.8171466580846822
2022-02-15 22:34:54.999221,3080.3,1.0778755701254277,0.40413691080993464,0.8171466580846822
2022-02-15 22:34:57.866028,3080.65,0.8781064633254498,0.41881839478884525,0.9659677390429526
2022-02-15 22:35:00.741225,3080.65,1.2154400700912324,0.39951912382440846,0.9659677390429526
2022-02-15 22:35:03.396256,3080.65,1.1826086522479171,0.4036433475863829,0.9032607176666039
2022-02-15 22:35:06.263261,3081.5,1.332795567134314,0.4051115028569377,0.9032607176666039
2022-02-15 22:35:09.336499,3081.5,1.2388885730969372,0.4044924026016702,0.8380966691649459
2022-02-15 22:35:12.304939,3081.7,1.130968734545854,0.4040342876618975,0.8280326365715307
2022-02-15 22:35:15.382221,3082.25,1.2010303162141314,0.4006661358324378,0.8280326365715307
2022-02-15 22:35:18.142972,3082.25,1.5098580979669802,0.40413555988374006,0.8774419186920978
2022-02-15 22:35:20.806613,3082.25,1.2486360045803306,0.40634358337469334,0.8774419186920978
2022-02-15 22:35:23.682401,3082.95,1.2955672967207423,0.39804596457746944,0.723580754475099
2022-02-15 22:35:26.539137,3082.25,1.5354364243852983,0.40252207811897867,0.723580754475099
2022-02-15 22:35:29.407520,3082.25,1.694749798395654,0.3963965255783614,0.841254569851613
2022-02-15 22:35:32.272912,3082.25,1.363948930708048,0.39877458974165697,0.8630892154875153
2022-02-15 22:35:35.348322,3082.25,1.0106702201164746,0.40016648675366384,0.8630892154875153
2022-02-15 22:35:38.021033,3082.3,1.1943313306631065,0.3976733253211484,0.835139288285198
2022-02-15 22:35:41.079327,3082.25,1.0995698122591075,0.3989527386822213,0.835139288285198
2022-02-15 22:35:43.930784,3082.25,1.3371374384589514,0.39838389644954597,0.8953366046491016
2022-02-15 22:35:47.020324,3082.25,1.7498352602887435,0.4000410648435866,0.8953366046491016
2022-02-15 22:35:49.885786,3082.25,1.0449418502717553,0.3943769148616431,0.8621552191799411
2022-02-15 22:35:53.368589,3081.6,1.3569768900410353,0.39506186600925874,0.8414410121650979
2022-02-15 22:35:56.749055,3081.6,1.2259072013164163,0.39840164603527883,0.8414410121650979
2022-02-15 22:36:00.228825,3081.6,1.0593832781661132,0.3969462175830162,0.8633832543638177
2022-02-15 22:36:03.504795,3081.6,0.9851150602884388,0.39935568123300325,0.8726180243390312
2022-02-15 22:36:06.371810,3081.55,1.2566310965455683,0.40463437331831953,0.8726180243390312
2022-02-15 22:36:09.438254,3082.25,1.3263306480190886,0.4050824970593428,0.8835889119020844
2022-02-15 22:36:12.726972,3082.25,1.5113751828604787,0.4034841741868247,0.8960539620785757
2022-02-15 22:36:15.588328,3082.2,1.4352717081085935,0.4003598902965565,0.8960539620785757
2022-02-15 22:36:18.457087,3082.2,1.8521991777679159,0.4016744335294677,0.8032667447517634
2022-02-15 22:36:21.429497,3082.2,1.4366449783116448,0.40449678922358845,0.8032667447517634
2022-02-15 22:36:24.396750,3082.2,1.310395928357556,0.40377512251812125,0.6972478316984982
2022-02-15 22:36:27.671366,3082.2,1.5734879936578139,0.4041234762095788,0.6601974007965854
2022-02-15 22:36:30.845657,3082.2,1.3381919290424442,0.41010980102529476,0.6601974007965854
2022-02-15 22:36:33.612205,3084.4,1.6632564031306354,0.39071773995784026,0.6539980502365424
2022-02-15 22:36:36.687384,3084.4,1.586054866100588,0.40424530870550945,0.6539980502365424
2022-02-15 22:36:39.346477,3083.95,1.2163570926240024,0.4062616920524236,0.7860275587120299
2022-02-15 22:36:42.134786,3084.25,1.5388030862481972,0.40696828498899623,0.697420355388458
2022-02-15 22:36:45.082695,3084.25,1.586264802301465,0.40575661723935263,0.697420355388458
2022-02-15 22:36:47.843789,3084.25,1.5993186145161828,0.4043088245892388,0.7780552619666772
2022-02-15 22:36:50.813553,3084.25,1.2924468834587859,0.40779791218128464,0.7780552619666772
2022-02-15 22:36:53.581450,3084.25,1.2865679743634917,0.40255245624687497,0.7383647074093533
2022-02-15 22:36:56.446334,3085.0,1.9495775771420283,0.4046529725044863,0.7383647074093533
2022-02-15 22:36:59.314363,3084.95,1.3442590441655569,0.39161091438680634,0.7906128360302795
2022-02-15 22:37:02.076882,3084.95,1.6574011578100254,0.4040808047372993,0.7906128360302795
2022-02-15 22:37:05.558511,3084.95,1.3096926586456274,0.4068899437642042,0.7513878825994276
2022-02-15 22:37:08.325508,3086.45,1.415915756740521,0.3987631044034447,0.7282280459503759
2022-02-15 22:37:11.395893,3086.45,1.4493046132140637,0.39928262644045626,0.7282280459503759
2022-02-15 22:37:14.162788,3086.85,1.6724405362208579,0.40029881548284874,0.8004798279025773
2022-02-15 22:37:17.130345,3086.85,1.1335802749472528,0.3993034515443297,0.8004798279025773
2022-02-15 22:37:20.100753,3086.5,1.690454472582937,0.3959914341269563,0.7605931251184549
2022-02-15 22:37:22.967402,3086.15,1.3945325848181596,0.40322842241804147,0.755445182298973
2022-02-15 22:37:25.733015,3085.75,1.1953358394378222,0.39611689133998707,0.755445182298973
2022-02-15 22:37:28.750630,3086.05,1.2155320005366965,0.40088970833058524,0.8175762427272656
2022-02-15 22:37:31.466293,3086.05,1.2473869983893628,0.39745508109669786,0.8175762427272656
2022-02-15 22:37:34.233000,3086.05,1.2000935880623227,0.4004650624500636,0.7691056051869978
2022-02-15 22:37:36.998830,3087.6,1.4924086243181718,0.40586215630575595,0.7691056051869978
2022-02-15 22:37:39.864979,3087.6,1.7308983939397826,0.39758549050668274,0.7954955652774401
2022-02-15 22:37:42.835046,3090.55,1.479767880531168,0.4010798020391825,0.784206464240774
2022-02-15 22:37:46.418607,3090.55,1.6463981169863517,0.3903868122945287,0.784206464240774
2022-02-15 22:37:49.359658,3090.55,1.5366118451445998,0.3821540626472902,0.9452456992222784
2022-02-15 22:37:51.969781,3090.15,1.7420025296550783,0.38751246830642316,0.9452456992222784
2022-02-15 22:37:55.430893,3089.45,1.966343698246375,0.3843306965584396,0.8329386338435842
2022-02-15 22:37:58.704975,3089.45,1.3710602332299133,0.38704927365628927,0.7581554959198492
2022-02-15 22:38:02.289449,3089.45,1.433881033868645,0.38619686397014563,0.7581554959198492
2022-02-15 22:38:05.388953,3089.45,1.6687711733908224,0.3859754131020735,0.6842151976808869
2022-02-15 22:38:08.125805,3089.45,1.6643381694429518,0.3866556734898684,0.7966584497594847
2022-02-15 22:38:11.610172,3089.45,1.2587659972947665,0.3865316020884966,0.7966584497594847
2022-02-15 22:38:14.374668,3087.0,1.7654859745660816,0.385820332071334,0.9685106606284106
2022-02-15 22:38:17.343230,3087.0,1.2147545504688362,0.3863917805722674,0.8976326254142932
2022-02-15 22:38:20.745210,3086.75,1.8115380884635288,0.38626694735215067,0.8976326254142932
2022-02-15 22:38:23.798209,3086.75,1.9592360500231258,0.38763278851302735,0.956361229001202
2022-02-15 22:38:26.560852,3086.75,1.1635091168994136,0.3735574224676113,0.956361229001202
2022-02-15 22:38:29.430489,3086.2,0.8355966931621531,0.37957556434637224,0.9033256482671143
2022-02-15 22:38:32.394148,3086.2,1.2921752464853962,0.38541949914692436,0.896495337607847
2022-02-15 22:38:35.467082,3086.2,1.5743343273109982,0.3792572939231938,0.896495337607847
2022-02-15 22:38:38.538276,3086.2,1.1182095521316688,0.3897726796118879,0.7656490049666108
2022-02-15 22:38:41.405910,3085.35,1.1157239916291604,0.39055490016476097,0.7656490049666108
2022-02-15 22:38:44.684827,3086.0,1.4655876210366434,0.38908925835648733,0.8664031477982229
2022-02-15 22:38:47.447977,3085.95,1.7977825982164375,0.3886111036961128,0.8602107522304174
2022-02-15 22:38:50.212580,3085.95,1.115588326374577,0.39051162267649886,0.8602107522304174
2022-02-15 22:38:53.290660,3085.95,1.1728191067613292,0.3897406035228043,0.9026992251832036
2022-02-15 22:38:56.360969,3087.85,1.3517216754814663,0.3836684975148745,0.9026992251832036
2022-02-15 22:38:59.125399,3087.85,1.486776462971206,0.3843255937395248,0.864992271119102
2022-02-15 22:39:02.091457,3087.85,1.2687992050300776,0.381041486908734,0.864992271119102
2022-02-15 22:39:05.675771,3087.4,1.3653418005693059,0.3824914825124882,0.8619627714760307
2022-02-15 22:39:08.340104,3087.4,1.3401471709698827,0.38678625141134704,0.8647491782472768
2022-02-15 22:39:11.314504,3087.4,1.5796045724262409,0.3908997304292883,0.8647491782472768
2022-02-15 22:39:14.071003,3087.4,1.46879420794801,0.3763433950253512,0.6947977235608997
2022-02-15 22:39:17.248051,3087.8,1.3140691747437456,0.38554231968235675,0.6947977235608997
2022-02-15 22:39:20.114243,3087.1,1.5269512385106716,0.38419523249294824,0.7911588044077551
2022-02-15 22:39:22.879165,3087.1,1.8941187226172138,0.3865370180662168,0.8526376625579687
2022-02-15 22:39:25.951753,3087.15,1.703673373888629,0.39175463329075966,0.8526376625579687
2022-02-15 22:39:28.715334,3087.15,2.0905284492171856,0.38837584147847654,0.7398508349351309
2022-02-15 22:39:32.196303,3087.15,1.2483577822402232,0.38104654560379886,0.7398508349351309
2022-02-15 22:39:35.169010,3087.2,1.2834742671889776,0.3837974302360004,0.8277225564892478
2022-02-15 22:39:38.442614,3087.2,1.3518172539141546,0.38539076930942867,0.865233132885305
2022-02-15 22:39:41.208510,3087.2,1.3869013119763949,0.3826717515241879,0.865233132885305
2022-02-15 22:39:44.178106,3086.95,1.6338359195678769,0.3840023098514768,0.8644595397062603
2022-02-15 22:39:46.944566,3086.95,1.2867480986402395,0.3820327251329745,0.8644595397062603
2022-02-15 22:39:50.423284,3086.95,1.1873325761309816,0.3820418492846914,0.9101860509722544
2022-02-15 22:39:53.906775,3086.1,1.2447276712455861,0.3807819599620943,1.00472738890117
2022-02-15 22:39:56.669875,3086.05,1.6049445558200726,0.38195093696789373,1.00472738890117
2022-02-15 22:39:59.439351,3086.05,1.3592627423884744,0.3832535066927001,0.8976856915808981
2022-02-15 22:40:02.404643,3086.05,1.0701928108068575,0.38485089640411835,0.8693048919004689
2022-02-15 22:40:05.373898,3087.1,1.5134212935399824,0.39521500100056856,0.8693048919004689
2022-02-15 22:40:08.141442,3087.1,1.789317628608302,0.38835405300023107,0.9003407465556725
2022-02-15 22:40:11.210918,3087.1,1.1421053236351937,0.38923839664588095,0.9003407465556725
2022-02-15 22:40:14.282188,3087.1,1.3916006958003475,0.3909619900717106,1.0186316525030588
2022-02-15 22:40:17.252416,3087.1,1.8094838187216937,0.3899064634822408,1.0186316525030588
2022-02-15 22:40:20.631638,3087.55,2.061173805428535,0.38168229195601083,0.806934866662866
2022-02-15 22:40:23.376892,3087.55,1.9674004794543671,0.39147470306915505,0.9537027368945814
2022-02-15 22:40:26.059359,3087.55,1.5193126044277356,0.3899122522184465,0.9537027368945814
2022-02-15 22:40:29.234035,3087.4,1.3092191080557025,0.37679056666447547,0.7353199370113138
2022-02-15 22:40:31.998277,3087.4,1.5573862558342508,0.38207202844009247,0.7353199370113138
2022-02-15 22:40:34.865914,3087.4,1.3828548057259715,0.38617221202842744,0.8559885605232921
2022-02-15 22:40:37.940412,3086.3,1.157614438480071,0.38455044532794375,0.7793625774459723
2022-02-15 22:40:40.805297,3086.75,1.6536927783240467,0.38784789427689953,0.7793625774459723
2022-02-15 22:40:43.978394,3086.75,1.5351028238082458,0.37894522618810034,0.8540529257415918
2022-02-15 22:40:47.157131,3088.35,1.6504323603673385,0.3890282717646664,0.8540529257415918
2022-02-15 22:40:50.124320,3088.35,1.0463324754328498,0.39022094540673125,0.7529384494373008
2022-02-15 22:40:53.810783,3088.35,1.1661651454203081,0.38059638894873943,0.7746988504867608
2022-02-15 22:40:56.580305,3088.35,1.8177561427909132,0.37925320599645523,0.7746988504867608
2022-02-15 22:41:00.058601,3088.4,1.5352010289101383,0.38041869627299135,0.7935970988267013
2022-02-15 22:41:02.821666,3088.4,1.5679893344019478,0.38192755426061065,0.8010824250780133
2022-02-15 22:41:05.688786,3088.65,1.3263106352418876,0.37455276402457666,0.8010824250780133
2022-02-15 22:41:08.742497,3088.65,1.5704454017412455,0.3802952373596426,0.8652535589735222
2022-02-15 22:41:11.806246,3090.0,1.4630196213622917,0.3918955458934856,0.8652535589735222
2022-02-15 22:41:14.493658,3090.0,1.7349574277146669,0.38365226249935824,0.868998366512641
2022-02-15 22:41:17.361478,3091.35,2.31524703106392,0.37815383142084985,0.868998366512641
2022-02-15 22:41:20.331030,3091.35,1.776786709778125,0.3795513087952267,0.6144814239222891
2022-02-15 22:41:23.101053,3091.5,1.613887427669648,0.3807589271495846,0.7535185826476779
2022-02-15 22:41:25.963419,3093.25,2.39620655215541,0.3755890421864812,0.7535185826476779
2022-02-15 22:41:29.364719,3093.25,1.8813060046039203,0.3757333175578923,0.7524904002648689
2022-02-15 22:41:32.401194,3094.6,1.8384246734173297,0.3633866212440007,0.7524904002648689
2022-02-15 22:41:35.282634,3092.7,2.314680796071337,0.36955947707379927,0.7469669288826974
2022-02-15 22:41:38.150482,3091.95,1.1009154660206553,0.3578972705475988,0.6956934378507582
2022-02-15 22:41:41.425140,3091.95,1.3012440584472738,0.3600587576999936,0.6956934378507582
2022-02-15 22:41:44.489724,3090.2,1.1566577091223706,0.3761735053133049,0.9004170414764866
2022-02-15 22:41:47.364206,3090.5,1.6253169645618155,0.36381087681570384,0.9004170414764866
2022-02-15 22:41:50.130470,3090.5,1.5926966729460856,0.3687709033632921,0.7070017765672921
2022-02-15 22:41:52.997055,3090.5,1.0857444243520193,0.3704883493082259,0.765040870358139
2022-02-15 22:41:55.761281,3090.5,1.5141581590782263,0.3710901584643452,0.765040870358139
2022-02-15 22:41:59.963869,3090.0,1.3359643539147044,0.3672070239375183,0.7121347855196722
2022-02-15 22:42:02.827183,3088.65,1.3746289405151428,0.3707763254732271,0.7097972222455691
2022-02-15 22:42:06.014261,3088.65,1.1319465355959861,0.3744336573590599,0.7097972222455691
2022-02-15 22:42:08.869217,3088.65,0.8148620158711362,0.3748486675521672,0.7103646361263438
2022-02-15 22:42:11.941812,3088.65,1.8222435617634225,0.3647393319611612,0.7103646361263438
2022-02-15 22:42:14.705433,3088.6,1.352539686597306,0.36410194636595117,0.7065710017072891
2022-02-15 22:42:17.471463,3088.6,1.3546303702577462,0.3664705596890036,0.7670432484912393
2022-02-15 22:42:20.747150,3088.6,1.0988569392971645,0.37364067480488083,0.7670432484912393
2022-02-15 22:42:23.716521,3090.0,1.3665822572631,0.37155510822375554,0.7612135822275538
2022-02-15 22:42:26.588790,3090.0,1.405915082185381,0.3761160214981789,0.7612135822275538
2022-02-15 22:42:29.658293,3090.8,1.415797777066059,0.37360224413435705,0.8205293910577518
2022-02-15 22:42:32.610503,3090.5,1.7066665688913005,0.3629255716833275,0.7511377999230859
2022-02-15 22:42:36.107677,3090.5,1.2198064314704964,0.3741035461845229,0.7511377999230859
2022-02-15 22:42:39.281725,3090.4,1.5635621459513491,0.3719255401429923,0.6617249305871313
2022-02-15 22:42:42.251048,3090.4,1.4715438258636786,0.37240587857458013,0.6617249305871313
2022-02-15 22:42:45.048498,3090.4,1.1001606163730238,0.37450954836050554,0.7097398704943695
2022-02-15 22:42:47.753702,3090.4,1.1690966985084628,0.38010657103882856,0.6576144554546323
2022-02-15 22:42:50.341543,3091.25,1.7240318089611177,0.37253812913428364,0.6576144554546323
2022-02-15 22:42:53.310437,3091.25,1.3581565547373653,0.37115147183428493,0.7093150424038827
2022-02-15 22:42:56.279593,3091.25,1.2778769438810007,0.37639477677829625,0.7093150424038827
2022-02-15 22:42:59.047521,3091.25,2.856969262105361,0.380254853143098,0.6603402629731174
2022-02-15 22:43:01.809457,3091.25,1.479143463022043,0.3755555037220218,0.6603402629731174
2022-02-15 22:43:04.779464,3091.25,1.6657193103664858,0.3710643608422783,0.6669206490389206
2022-02-15 22:43:07.927968,3091.25,1.5118243243243243,0.36219076977481085,0.6960637726383114
2022-02-15 22:43:10.820641,3091.4,1.3735525085492715,0.3691466330475665,0.6960637726383114
2022-02-15 22:43:14.003258,3091.4,1.3268002246770265,0.363641219612659,0.6712460674669752
2022-02-15 22:43:16.969669,3090.7,1.1100246831899838,0.36905086470438797,0.6712460674669752
2022-02-15 22:43:20.147447,3090.6,1.326444337233144,0.36809731161409526,0.7324701095303514
2022-02-15 22:43:23.724890,3090.6,1.302311820887672,0.3620185277685776,0.7784558156194248
2022-02-15 22:43:26.900534,3090.25,1.447655114477351,0.37219197747671046,0.7784558156194248
2022-02-15 22:43:29.971652,3090.25,1.3199209814930342,0.37417527855891575,0.6912004510060373
2022-02-15 22:43:32.735810,3090.25,1.91432895737896,0.36697888074015267,0.736478134376506
2022-02-15 22:43:35.806416,3090.25,1.2595684329141141,0.3658378810346339,0.736478134376506
2022-02-15 22:43:39.288106,3090.25,1.7316285389704413,0.36927684988644544,0.6905630705258853
2022-02-15 22:43:42.155170,3090.25,1.6118895464059468,0.3656170768126482,0.6905630705258853
2022-02-15 22:43:44.819003,3090.25,1.0781405682742193,0.3525044733301855,0.6690124880856982
2022-02-15 22:43:47.787338,3090.25,1.1203629090698282,0.3558142853838753,0.6935042424975761
2022-02-15 22:43:51.168459,3089.4,1.1549313815187556,0.36126398578542424,0.6935042424975761
2022-02-15 22:43:53.930939,3089.4,1.9817327558012459,0.364783699825375,0.6833828615516231
2022-02-15 22:43:57.108218,3089.4,1.455649299175971,0.3626487240907068,0.6833828615516231
2022-02-15 22:43:59.870456,3088.1,1.2610828629164457,0.35875079168463325,0.6854055577455157
2022-02-15 22:44:02.635345,3089.1,1.2267808894523198,0.3644595885372084,0.7116076009371701
2022-02-15 22:44:06.117497,3089.1,1.7512399197364936,0.35841525960987913,0.7116076009371701
2022-02-15 22:44:09.086224,3089.1,1.201234962061259,0.36599062852138137,0.6892375718837116
2022-02-15 22:44:12.158692,3089.1,1.004514129729488,0.36190489910322854,0.6892375718837116
2022-02-15 22:44:15.127772,3089.45,1.1904264033801844,0.36583610752487367,0.8088442286166312
2022-02-15 22:44:18.302417,3089.45,1.9407369953534597,0.36471995033335985,0.6829223084852089
2022-02-15 22:44:21.170057,3089.65,1.8908978757854968,0.36518135537649343,0.6829223084852089
2022-02-15 22:44:25.166125,3089.65,1.081052232629731,0.36627675084535705,0.6459121444001362
2022-02-15 22:44:28.547435,3089.65,1.0721070918141051,0.37401911563038004,0.6402332791551694
2022-02-15 22:44:31.614462,3090.0,1.8029381084840057,0.3687081434523102,0.6402332791551694
2022-02-15 22:44:34.511434,3090.0,1.8202660454851962,0.3732264483927501,0.6254303863852715
2022-02-15 22:44:37.349462,3090.0,1.2950070729524523,0.36917858831025663,0.6254303863852715
2022-02-15 22:44:40.607339,3091.45,1.1813338904266986,0.36812449834545724,0.6724756375871335
2022-02-15 22:44:43.596900,3091.45,1.506394986330717,0.375580223177193,0.5710301629303862
2022-02-15 22:44:47.331654,3092.4,1.1079505133178786,0.3828119849417337,0.5710301629303862
2022-02-15 22:44:50.355379,3092.05,1.5342225933576532,0.38489103397931934,0.580514739748989
2022-02-15 22:44:53.118659,3092.05,1.349841751285771,0.3843309630308414,0.7353912090937831
2022-02-15 22:44:55.818990,3092.9,1.622440209629788,0.3851381234601623,0.7353912090937831
2022-02-15 22:44:59.267360,3092.15,1.8199252443933294,0.37715658401318575,0.5433937232345074
2022-02-15 22:45:02.028520,3092.15,1.5592501809467627,0.37950892760878147,0.5433937232345074
2022-02-15 22:45:04.895675,3092.15,1.0991523425779075,0.37184216117282254,0.7364040999045438
2022-02-15 22:45:07.966266,3089.55,1.4244113283013997,0.367578504940431,0.5869963117663048
2022-02-15 22:45:11.228066,3089.55,2.3318555008210184,0.3630885114777957,0.5869963117663048
2022-02-15 22:45:14.214236,3089.6,1.1060596083971341,0.3763229768709353,0.6834016996133483
2022-02-15 22:45:16.981026,3089.5,1.593482418714139,0.3818713771886039,0.6834016996133483
2022-02-15 22:45:20.152249,3089.5,1.93201728558357,0.38076011310884345,0.6211685812352316
2022-02-15 22:45:23.034314,3090.1,1.8640881139315706,0.3811542606061254,0.6780307720019708
2022-02-15 22:45:25.888109,3090.1,1.3422378425106465,0.38244999424252146,0.6780307720019708
2022-02-15 22:45:28.753439,3090.1,1.7201458523245214,0.3805587156747272,0.5631204877999992
2022-02-15 22:45:32.544722,3090.4,2.271104336933576,0.38335361653747135,0.5631204877999992
2022-02-15 22:45:35.615243,3090.65,1.4472129794423376,0.3793775407210155,0.6476731264426682
2022-02-15 22:45:38.380846,3090.65,2.3651294609400564,0.3786410354707908,0.5485685763094642
2022-02-15 22:45:41.044395,3090.65,1.3465173749885588,0.37770354399494754,0.5485685763094642
2022-02-15 22:45:43.808333,3090.65,1.1720774868174098,0.3713781440755752,0.678624078860238
2022-02-15 22:45:46.571375,3090.65,1.8014973581523872,0.37735234966461795,0.678624078860238
2022-02-15 22:45:49.440640,3089.3,1.6410735251243018,0.3777050407865115,0.6659502836990387
2022-02-15 22:45:52.101393,3089.2,1.2550783478618532,0.3764479564644672,0.6659502836990387
2022-02-15 22:45:54.866573,3089.35,0.9648721514317335,0.3773504287223384,0.7228310559222927
2022-02-15 22:45:57.733911,3089.35,0.9983088028701722,0.37596231209524034,0.69805839157255
2022-02-15 22:46:00.504712,3089.35,1.3579408703032074,0.37471328407002724,0.69805839157255
2022-02-15 22:46:04.391201,3089.35,0.9237500264041741,0.37491096470640967,0.6849637699652519
2022-02-15 22:46:07.257362,3089.35,1.2301511261002314,0.3734895026644096,0.6849637699652519
2022-02-15 22:46:10.124629,3089.2,1.5945987330958566,0.37048673782431074,0.7831172232543628
2022-02-15 22:46:12.991538,3089.2,1.3450342015259145,0.37847006444038833,0.6380951094257374
2022-02-15 22:46:15.676071,3089.2,1.9091121810736622,0.36923337612406093,0.6380951094257374
2022-02-15 22:46:19.134213,3089.2,1.2012375378502271,0.3723220650560493,0.6650656486815834
2022-02-15 22:46:22.515237,3089.35,1.132730318739709,0.3789037956358519,0.6650656486815834
2022-02-15 22:46:25.381103,3089.35,1.4060329796979818,0.37808544492666407,0.7470152020377014
2022-02-15 22:46:28.148905,3089.35,1.8902588644768328,0.38502886894186983,0.6433282275310735
2022-02-15 22:46:31.045779,3090.4,1.6161221960094365,0.37367882760908055,0.6433282275310735
2022-02-15 22:46:34.085414,3090.4,1.5955356216944936,0.37731123089883684,0.7079501782836801
2022-02-15 22:46:37.158038,3090.45,1.7426916941964452,0.375692244859755,0.7079501782836801
2022-02-15 22:46:40.024244,3090.5,1.7059227217901263,0.39867748805275666,0.7005315531608796
2022-02-15 22:46:42.892522,3090.5,1.5201432680438074,0.376263649694141,0.646470672361536
2022-02-15 22:46:45.655912,3090.5,1.6794092773028022,0.37326454586065233,0.646470672361536
2022-02-15 22:46:49.342890,3092.4,1.224381921915203,0.37515255500204614,0.7652802075279722
2022-02-15 22:46:52.395954,3092.05,1.722950993297324,0.3804017190156901,0.7652802075279722
2022-02-15 22:46:55.320224,3092.05,1.74951905059338,0.37841210863202746,0.8039875037673828
2022-02-15 22:46:58.253868,3092.05,1.7019310364513458,0.37989987440223083,0.670559356113499
2022-02-15 22:47:01.732789,3092.05,2.2694131469288057,0.38220443877713256,0.670559356113499
2022-02-15 22:47:04.534926,3093.95,1.9235367041530151,0.37882481421553194,0.753195523718151
2022-02-15 22:47:07.365553,3093.95,1.5378634540552245,0.37700991794765165,0.753195523718151
2022-02-15 22:47:10.129838,3094.05,1.8230324421748276,0.3817465969605547,0.7264322600156434
2022-02-15 22:47:12.894928,3094.05,2.792171750229088,0.3795055012104413,0.7240525101167783
2022-02-15 22:47:15.703446,3094.6,1.5761915004762934,0.37735630381362856,0.7240525101167783
2022-02-15 22:47:18.629783,3094.6,1.3885942384993306,0.3750182555453062,0.7587801169651845
2022-02-15 22:47:21.499362,3094.6,2.2728536954476666,0.3788344650220133,0.7587801169651845
2022-02-15 22:47:24.980187,3094.6,1.7328463984089424,0.37415870063047624,0.848343206654574
2022-02-15 22:47:27.845307,3094.6,1.3945060729784566,0.37572382919012187,0.7594260847460643
2022-02-15 22:47:30.545488,3094.55,1.435491755392081,0.37589355219516235,0.7594260847460643
2022-02-15 22:47:33.890816,3095.3,1.5999902371160444,0.36677834328665554,0.6884114504871218
2022-02-15 22:47:36.682018,3095.3,1.332686187141948,0.3646334707025392,0.6884114504871218
2022-02-15 22:47:39.621406,3095.3,1.1064098588475806,0.36927387156736385,0.6808158523036462
2022-02-15 22:47:42.826132,3095.3,1.4221375047267735,0.3641446283574598,0.5720281645937825
2022-02-15 22:47:45.867406,3093.5,1.961133882259059,0.3595083795563338,0.5720281645937825
2022-02-15 22:47:48.735510,3093.45,1.540008621833135,0.3641831436442058,0.7025025117933247
2022-02-15 22:47:51.810431,3093.0,1.3151135713986923,0.36536198311097257,0.7025025117933247
2022-02-15 22:47:54.777493,3093.0,1.638567053862145,0.3613896517516715,0.5362871719077683
2022-02-15 22:47:57.643865,3093.0,1.8188174851967953,0.3607524011560924,0.5362871719077683
2022-02-15 22:48:00.612803,3093.0,1.2908253329204091,0.3684223910221326,0.6481706573149435
2022-02-15 22:48:03.378280,3090.25,1.395610605412671,0.34892720446225955,0.5413290389014204
2022-02-15 22:48:06.245519,3090.25,1.7024296213003498,0.3580910514702145,0.5413290389014204
2022-02-15 22:48:09.216318,3090.25,1.3376497358908304,0.351358112825375,0.7442169731173913
2022-02-15 22:48:12.184323,3089.0,1.0916058548703547,0.35290426856144647,0.7442169731173913
2022-02-15 22:48:15.257478,3089.15,1.2191453653498578,0.3595410683634461,0.7295719447252383
2022-02-15 22:48:18.126713,3089.15,1.465244087606379,0.355719327810627,0.7125712182402903
2022-02-15 22:48:20.889462,3089.25,1.0506376195536662,0.3464638757945763,0.7125712182402903
2022-02-15 22:48:23.755718,3089.1,1.3128329013479625,0.35570285694086423,0.7299518473810254
2022-02-15 22:48:26.522970,3089.1,1.0179754101144587,0.35117354602370804,0.7299518473810254
2022-02-15 22:48:29.697748,3088.5,1.1308905146316854,0.355932978162788,0.7549454620337852
2022-02-15 22:48:32.666769,3088.5,1.5504522273473786,0.33831751244447733,0.7549454620337852
2022-02-15 22:48:35.531133,3087.95,0.983387826166903,0.3411679677289845,0.7884428869752884
2022-02-15 22:48:38.500866,3087.95,1.1683307621104597,0.3467703269379078,0.8710748286757898
2022-02-15 22:48:41.575033,3087.95,1.8175818200568126,0.34898966461559916,0.8710748286757898
2022-02-15 22:48:44.448249,3089.3,2.014423886736585,0.3466697538765109,0.7336371197951204
2022-02-15 22:48:47.871690,3089.35,1.1241679525155708,0.3520430805749955,0.7532121359927036
2022-02-15 22:48:50.584007,3089.35,1.4848914069877248,0.3591051792055323,0.7532121359927036
2022-02-15 22:48:53.457904,3089.35,1.7655220076886529,0.3548813723060069,0.7617163195449212
2022-02-15 22:48:56.321143,3089.35,1.8907833758766825,0.35218166376994764,0.7617163195449212
2022-02-15 22:48:59.393476,3090.65,1.1400215802339688,0.35537518959376135,0.7362869735391339
2022-02-15 22:49:02.258261,3093.9,1.8175639668576862,0.3430656770638271,0.7362869735391339
2022-02-15 22:49:05.741247,3093.6,1.6073598557227817,0.34692583104886504,0.7774834372760301
2022-02-15 22:49:09.120553,3093.6,1.2603669233018229,0.3476841954770689,0.6962375827649581
2022-02-15 22:49:12.089756,3093.5,1.4598722299860254,0.34946603693688516,0.6962375827649581
2022-02-15 22:49:14.883453,3095.05,1.3268802417246124,0.33842691495569666,0.7209016145542084
2022-02-15 22:49:18.643599,3094.2,1.7662861419737386,0.34452188652389937,0.6393513986505432
2022-02-15 22:49:21.509699,3094.2,1.2455074947530522,0.3412683658436096,0.6393513986505432
2022-02-15 22:49:24.171842,3094.2,1.6586128797237802,0.35199255992127676,0.6982719526333311
2022-02-15 22:49:27.043089,3093.85,1.179148825127214,0.3515737882747945,0.6982719526333311
2022-02-15 22:49:29.905957,3093.85,1.7208334382263846,0.34440297041301476,0.6651966023386758
2022-02-15 22:49:32.689896,3093.85,1.6796428514889106,0.3396582358695889,0.6495407037037119
2022-02-15 22:49:35.947872,3093.6,1.2283654391148933,0.34383326551860277,0.6495407037037119
2022-02-15 22:49:38.815008,3093.6,1.4991381719929193,0.3458799892883349,0.7114942319153457
2022-02-15 22:49:41.685691,3093.65,1.6456457810893221,0.34124472674698997,0.7114942319153457
2022-02-15 22:49:44.451099,3093.65,1.1695333532755015,0.34353416926868957,0.6180187122202574
2022-02-15 22:49:47.337079,3092.55,1.2944781844334352,0.3496150665532027,0.6180187122202574
2022-02-15 22:49:50.391003,3092.55,1.2347129569475037,0.34862566487000296,0.7486239483234861
2022-02-15 22:49:53.379175,3092.55,2.0870086742117135,0.3489230223658486,0.7710936478425168
2022-02-15 22:49:56.119755,3092.55,1.6323650008697603,0.3539944559112103,0.7710936478425168
2022-02-15 22:49:58.988140,3092.8,1.1561636861197737,0.3487973761221878,0.6970300190846936
2022-02-15 22:50:01.855926,3092.8,1.312751427302511,0.34791983865398735,0.6970300190846936
2022-02-15 22:50:05.337778,3092.8,1.6651319536738183,0.34715570058541,0.6418030069243092
2022-02-15 22:50:07.998571,3092.8,1.2345559599867642,0.34862201577928237,0.7443043722377649
2022-02-15 22:50:10.970863,3092.8,1.373978240036079,0.34826928791701023,0.7443043722377649
2022-02-15 22:50:13.837565,3092.8,1.4313793518511964,0.3452273783526727,0.6925002177604185
2022-02-15 22:50:17.000579,3092.55,1.378687226132836,0.35167450153443613,0.6925002177604185
2022-02-15 22:50:20.515293,3092.55,1.438176582282916,0.35932559806017117,0.67287120959421
2022-02-15 22:50:23.362933,3092.55,1.558711902562919,0.3502543236798748,0.6748791517694492
2022-02-15 22:50:26.162639,3092.55,1.4333432726112798,0.3593445454130279,0.6748791517694492
2022-02-15 22:50:29.094692,3093.85,1.5029871238264871,0.35457454198718014,0.7419840038469957
2022-02-15 22:50:31.862193,3093.85,1.8101693962448002,0.34736211163909053,0.7419840038469957
2022-02-15 22:50:34.624651,3094.45,1.3664286406221893,0.35372442565025347,0.5902605347960325
2022-02-15 22:50:37.491568,3095.0,1.5046239167127642,0.35026347185379697,0.5902605347960325
2022-02-15 22:50:40.256700,3095.0,1.8124423199791762,0.3373453488589564,0.6253425437257935
2022-02-15 22:50:43.021514,3095.0,1.4107535654580505,0.3502828230298599,0.6763037033059768
2022-02-15 22:50:45.786305,3095.0,1.6604794200829243,0.34998744584854097,0.6763037033059768
2022-02-15 22:50:48.651882,3095.0,2.3812043817419464,0.3479490817779188,0.6414570429536002
2022-02-15 22:50:51.826922,3095.0,2.368319352039341,0.3503414317075858,0.6414570429536002
2022-02-15 22:50:54.592604,3095.0,1.7528968766485369,0.34691601557897345,0.6334072310507249
2022-02-15 22:50:57.560426,3095.75,2.189047361269154,0.3555050964921494,0.6334072310507249
2022-02-15 22:51:00.839887,3095.95,2.4040664837824757,0.3517180945607154,0.723221031245025
2022-02-15 22:51:03.499854,3095.95,1.466378339582482,0.3408133796702636,0.5577625249404314
2022-02-15 22:51:06.265291,3095.95,1.51677857092374,0.3391353477936037,0.5577625249404314
2022-02-15 22:51:09.644004,3095.95,1.8235766525800365,0.3541109425171848,0.64689242233439
2022-02-15 22:51:12.920562,3095.95,1.5212379159893918,0.3518989320872943,0.6872697076851747
2022-02-15 22:51:15.992854,3095.05,1.9717688495125365,0.35090721672112035,0.6872697076851747
2022-02-15 22:51:18.963686,3095.05,2.1321351256104313,0.3527436507159801,0.6123868673861217
2022-02-15 22:51:21.729808,3095.25,1.7955227124538145,0.3497652586940917,0.6123868673861217
2022-02-15 22:51:24.824524,3095.25,1.2616946633158868,0.35238895977659496,0.5727364895819442
2022-02-15 22:51:27.770624,3095.2,1.3209233894980208,0.3510173519118627,0.5727364895819442
2022-02-15 22:51:30.474974,3095.2,1.7941944363348215,0.3489022107273917,0.6155774324383619
2022-02-15 22:51:33.638341,3095.2,1.4703355726091154,0.34945685195473736,0.6100630178231491
2022-02-15 22:51:36.375141,3095.2,1.9183144406925192,0.3511871762556397,0.6100630178231491
2022-02-15 22:51:39.138208,3095.2,1.8568429164569704,0.3467150193872623,0.648131788419883
2022-02-15 22:51:42.003088,3096.15,1.4562278129340953,0.3494816092324093,0.648131788419883
2022-02-15 22:51:44.973241,3096.15,1.5562937970412667,0.3504772695896207,0.6052339817438589
2022-02-15 22:51:48.146730,3097.0,1.6829249499152414,0.3452782125338735,0.5783743047646636
2022-02-15 22:51:50.912791,3097.0,1.5237821112470318,0.35006873269267286,0.5783743047646636
2022-02-15 22:51:53.676004,3097.0,1.3903222184798476,0.34690868063228314,0.6210086256517616
2022-02-15 22:51:56.721659,3097.0,1.2233984016769293,0.3408798439493836,0.6210086256517616
2022-02-15 22:51:59.616927,3097.0,0.9900947733015689,0.34353145588261724,0.6572936079188748
2022-02-15 22:52:02.645766,3094.2,1.1277745608955798,0.34927151708778675,0.6572936079188748
2022-02-15 22:52:05.555618,3095.3,1.350267560377718,0.3496043618528461,0.7199027000499576
2022-02-15 22:52:08.833116,3095.3,1.5073960801787756,0.34864132561117717,0.6901088491919392
2022-02-15 22:52:11.724391,3095.3,1.844297489871001,0.34991337011036827,0.6901088491919392
2022-02-15 22:52:14.471421,3094.4,2.147219681192706,0.3465224520125469,0.733663425968835
2022-02-15 22:52:17.204228,3094.4,1.1879749807254196,0.35281258531731613,0.733663425968835
2022-02-15 22:52:20.306493,3094.0,1.4197491754095,0.3479609909507869,0.6940794047507216
2022-02-15 22:52:22.962466,3094.0,1.6604683792752817,0.3491056413757657,0.7817294297919042
2022-02-15 22:52:25.931630,3093.3,1.4528602563802118,0.3507434093130873,0.7817294297919042
2022-02-15 22:52:28.901907,3093.3,1.3700962475633531,0.35113880176877965,0.7118954688267363
2022-02-15 22:52:31.974188,3092.9,1.4873098004554361,0.3465413380828203,0.7118954688267363
2022-02-15 22:52:34.842268,3092.9,1.315768268963601,0.3648408682828367,0.7778817573747735
2022-02-15 22:52:37.912662,3093.75,1.375936753129262,0.3521766226809835,0.7504678138128239
2022-02-15 22:52:40.826072,3093.75,1.255223500492731,0.3571979765848689,0.7504678138128239
2022-02-15 22:52:43.853909,3093.75,1.4613608355221397,0.3514660648810337,0.7715923668108614
2022-02-15 22:52:46.514163,3094.15,1.2893710503813187,0.35373682138500756,0.7715923668108614
2022-02-15 22:52:49.484121,3094.25,1.1761357182469954,0.36321888848253286,0.6835979391657747
2022-02-15 22:52:52.865587,3094.25,1.2445723567663625,0.36200943231637156,0.734563285177876
2022-02-15 22:52:55.652487,3094.25,1.7149688383768147,0.3509963011667681,0.734563285177876
2022-02-15 22:52:58.296003,3095.25,1.3269393890588936,0.35194030140708554,0.8690359498419408
2022-02-15 22:53:01.362517,3095.25,1.2897822544808175,0.34756738295813683,0.8690359498419408
2022-02-15 22:53:04.127515,3095.25,1.0816539680716066,0.3536831709338561,0.7471663171178584
2022-02-15 22:53:07.201321,3095.25,1.4832713492801402,0.3489305233228061,0.7471663171178584
2022-02-15 22:53:10.538088,3094.45,1.1689065345234186,0.3486938294697894,0.724606852807975
2022-02-15 22:53:13.342725,3092.8,0.8745627342727704,0.35314387893405325,0.693354421574733
2022-02-15 22:53:15.954673,3092.85,1.0509582434319074,0.3439386140374675,0.693354421574733
2022-02-15 22:53:19.227968,3092.85,1.1314343259962596,0.35506280612220903,0.7216547203589857
2022-02-15 22:53:22.077136,3092.85,1.2446979679589432,0.3573344351817212,0.7216547203589857
2022-02-15 22:53:25.632274,3092.4,1.1647363770250365,0.35259886643172417,0.7957277987867395
2022-02-15 22:53:28.856542,3092.05,1.0766647748770337,0.35965617628606084,0.7032622973601037
2022-02-15 22:53:32.119089,3092.05,1.1238151402354573,0.3571751189137868,0.7032622973601037
2022-02-15 22:53:34.950147,3093.2,1.0885017583902,0.3550231686780124,0.7069686992744508
2022-02-15 22:53:38.431411,3093.2,1.156001109051272,0.35786761062498484,0.7202125005578202
2022-02-15 22:53:41.010258,3093.2,1.2225941167504957,0.3562418351289687,0.7202125005578202
2022-02-15 22:53:43.861980,3093.25,1.0430379451799368,0.35402511094232514,0.7748060253118451
2022-02-15 22:53:46.521892,3093.25,1.1105096908734058,0.35290640427218134,0.7748060253118451
2022-02-15 22:53:49.390589,3093.25,1.6957773993187746,0.35842704812427784,0.7427235263417469
2022-02-15 22:53:52.071336,3093.25,1.3364424754652362,0.3605759996111962,0.7427235263417469
2022-02-15 22:53:55.354927,3093.45,1.5404460602670773,0.3616963144883,0.6507896935663422
2022-02-15 22:53:58.095802,3093.45,1.320836732874881,0.361890211586943,0.7450690316830306
2022-02-15 22:54:00.964704,3093.45,1.3381350332335682,0.3519834694908048,0.7450690316830306
2022-02-15 22:54:04.031381,3093.45,1.2966589587107848,0.3600951604601267,0.7580256052493933
2022-02-15 22:54:07.103957,3093.45,1.7008744702441358,0.3589627883264336,0.7580256052493933
2022-02-15 22:54:10.585183,3093.7,1.0302851830399078,0.3571727753230874,0.7128333333247502
2022-02-15 22:54:14.483012,3093.85,1.434703994901702,0.3584134708101558,0.7550358852065782
2022-02-15 22:54:17.343653,3093.85,1.4436448423264583,0.3591350545067379,0.7550358852065782
2022-02-15 22:54:20.519367,3093.85,1.0984286348989105,0.3487138202457805,0.7988146830928293
2022-02-15 22:54:23.282693,3093.55,1.2988012954583643,0.36446614717449144,0.7673905771631272
2022-02-15 22:54:26.047501,3093.55,1.0619844486853933,0.3645713514407592,0.7673905771631272
2022-02-15 22:54:28.814430,3092.7,1.070802386120768,0.35401005270160274,0.6988713048014811
2022-02-15 22:54:31.988159,3092.7,1.3387590493261021,0.35439175477086854,0.6988713048014811
2022-02-15 22:54:34.967950,3092.7,1.0304497298814286,0.3552452488893138,0.8638366047112567
2022-02-15 22:54:37.723560,3091.4,1.048581394512568,0.35217078864779267,0.8638366047112567
2022-02-15 22:54:40.898203,3091.4,1.323640595151613,0.3521316885628878,0.7081364652996036
2022-02-15 22:54:43.865673,3091.4,1.0102903113376263,0.3558005202061806,0.7308829993931792
2022-02-15 22:54:46.938631,3091.4,1.2681440098615202,0.35204088242532,0.7308829993931792
2022-02-15 22:54:49.852737,3093.45,1.7207774178621018,0.35386622279658964,0.7760850871961901
2022-02-15 22:54:52.590675,3093.45,1.387250579667549,0.3529691774729013,0.7760850871961901
2022-02-15 22:54:55.862284,3093.55,1.566513047944958,0.3530993479125392,0.7775430426068022
2022-02-15 22:54:58.715342,3093.55,1.6806169044856532,0.348960029791933,0.6829488081203938
2022-02-15 22:55:01.586752,3093.5,1.378313834925405,0.35884739287309997,0.6829488081203938
2022-02-15 22:55:04.346218,3093.5,2.092796357056904,0.35628864068548866,0.7372581457723365
2022-02-15 22:55:07.120367,3095.65,1.8521958398391931,0.35527384613901236,0.7372581457723365
2022-02-15 22:55:09.874946,3095.65,1.4120074690635191,0.35576242590187607,0.7007494146219311
2022-02-15 22:55:12.846903,3095.05,1.7075312127733793,0.33964760023273505,0.7007494146219311
2022-02-15 22:55:16.229475,3095.05,1.282469369608647,0.35129818342006136,0.8782398955496048
2022-02-15 22:55:19.271741,3093.45,1.578746957366988,0.35008479325576086,0.8163143701240207
2022-02-15 22:55:22.090918,3093.45,1.2753091149733553,0.3503819316558466,0.8163143701240207
2022-02-15 22:55:25.034128,3093.45,1.07024082724348,0.35946954259585,0.8043278378088863
2022-02-15 22:55:28.200816,3093.45,1.547815358893286,0.35248253108025973,0.7813669557683417
2022-02-15 22:55:31.173434,3093.45,1.4597234637676983,0.3529939752664236,0.7813669557683417
2022-02-15 22:55:33.939315,3093.45,1.1780137414116179,0.3564540048086245,0.7275402382077084
2022-02-15 22:55:36.806450,3093.45,1.36852560230857,0.3489805095260774,0.7275402382077084
2022-02-15 22:55:39.571821,3093.45,1.2220881730090483,0.3515837993465802,0.6586864216588919
2022-02-15 22:55:42.676196,3093.45,1.6854569593455098,0.3521926312200409,0.6586864216588919
2022-02-15 22:55:45.509380,3093.55,1.5347310252692785,0.3555847336605521,0.6962255831027061
2022-02-15 22:55:48.378574,3093.55,1.2418649733942597,0.3557049555133675,0.7529281636804098
2022-02-15 22:55:51.369479,3093.55,1.6181557229996415,0.3574269883790582,0.7529281636804098
2022-02-15 22:55:54.317572,3094.65,1.8294511646506044,0.35814383824250456,0.7359065174095073
2022-02-15 22:55:57.080992,3094.65,2.325753194174247,0.35985416344392657,0.7359065174095073
2022-02-15 22:56:00.260214,3094.95,1.499805849370176,0.35812030787684385,0.7073128068565051
2022-02-15 22:56:03.022897,3094.65,1.4656471551606485,0.35508067832385287,0.7073128068565051
2022-02-15 22:56:06.093279,3094.65,1.6349775919406055,0.35236502146132964,0.6778807639416204
2022-02-15 22:56:09.510118,3094.65,2.029240880873249,0.3543094730208132,0.6698309543958655
2022-02-15 22:56:12.416771,3094.65,1.739448805272845,0.34954985680409956,0.6698309543958655
2022-02-15 22:56:15.309599,3094.8,1.8945741661749425,0.3379238260111973,0.6401986306313572
2022-02-15 22:56:18.280188,3094.8,1.3524644950026166,0.3529979552062932,0.7990967128131552
2022-02-15 22:56:21.047753,3094.8,1.4191117803387063,0.3554747425131707,0.7990967128131552
2022-02-15 22:56:24.012400,3094.3,1.3114957262361113,0.35200806156705666,0.7118230136937854
2022-02-15 22:56:26.675947,3094.3,1.2568224947799174,0.34780651375445654,0.7118230136937854
2022-02-15 22:56:29.542144,3094.45,1.3483258545039825,0.3512656071089204,0.6896321315808317
2022-02-15 22:56:32.721096,3094.45,1.383492891145333,0.3527850330375925,0.6896321315808317
2022-02-15 22:56:35.685412,3094.45,1.5831866229335754,0.34764447420374095,0.6908515372256553
2022-02-15 22:56:38.450787,3094.75,1.4048546292631232,0.3404864195643234,0.6746936921920632
2022-02-15 22:56:41.318072,3094.7,1.2081555031130753,0.35005669723102134,0.6746936921920632
2022-02-15 22:56:44.596440,3094.7,1.2155333418226582,0.35275723810668647,0.7197847963625328
2022-02-15 22:56:47.360300,3094.7,1.3815771524944511,0.35859816093970565,0.7197847963625328
2022-02-15 22:56:50.232952,3094.7,1.9463157163691929,0.3521516427418114,0.649809172159316
2022-02-15 22:56:52.991811,3094.7,2.0535973877026255,0.35613399256242817,0.649809172159316
2022-02-15 22:56:55.870295,3094.7,1.7389840463312032,0.3574829850261008,0.6351001688231079
2022-02-15 22:56:58.933363,3095.25,1.495059798763555,0.3580030900144543,0.6669693519743445
2022-02-15 22:57:01.696389,3095.25,1.4316698118019078,0.3604514528619072,0.6669693519743445
2022-02-15 22:57:04.667450,3095.55,1.2020213341068817,0.35823921847546614,0.6895004552627101
2022-02-15 22:57:07.431994,3095.55,1.466638121744095,0.3615404499273965,0.6895004552627101
2022-02-15 22:57:10.401084,3097.5,1.4288985838158146,0.3571050086276814,0.5914416667086518
2022-02-15 22:57:13.267900,3097.5,1.6066770093283707,0.35916532015041847,0.6104227234870329
2022-02-15 22:57:16.447918,3097.6,1.5848012731631687,0.35855043237371165,0.6104227234870329
2022-02-15 22:57:19.205975,3097.6,1.5902473579968484,0.36171629448921194,0.6060433883783006
2022-02-15 22:57:22.075067,3097.6,1.650669825191962,0.3411668316895694,0.6060433883783006
2022-02-15 22:57:25.044399,3095.45,1.0268544689899837,0.34397215420563343,0.6389482608478074
2022-02-15 22:57:28.527753,3095.45,1.4806584536658118,0.35305737880724464,0.7690461684999678
2022-02-15 22:57:31.391208,3095.45,1.1242029206293938,0.35102415408096366,0.7690461684999678
2022-02-15 22:57:34.159513,3095.45,1.2264071639560545,0.3525389164205496,0.7583995816450179
2022-02-15 22:57:37.332706,3095.45,1.07767236904591,0.3528619400017243,0.7583995816450179
2022-02-15 22:57:40.506352,3096.25,1.747165145361695,0.35014780425568515,0.6401937297163423
2022-02-15 22:57:43.330272,3096.25,1.1662497617686298,0.35038557395163894,0.6467315992138191
2022-02-15 22:57:46.550432,3096.15,1.9180531642380214,0.3503602294272671,0.6467315992138191
2022-02-15 22:57:49.516333,3096.15,1.9387174647763683,0.3540843974116087,0.6372592924647641
2022-02-15 22:57:52.411366,3096.4,1.913272932491382,0.3537774840359484,0.6372592924647641
2022-02-15 22:57:55.251119,3096.4,1.5687529147120955,0.3540884786342269,0.5807132441412141
2022-02-15 22:57:58.835192,3096.4,1.3667552531285143,0.3548239679107279,0.6951648910718037
2022-02-15 22:58:01.602592,3096.4,1.8691088087910672,0.3613119758808022,0.6951648910718037
2022-02-15 22:58:05.089770,3096.75,1.8697581709924447,0.35580614042212405,0.6249816415967734
2022-02-15 22:58:08.086670,3096.75,1.1667046414067637,0.3579396528230305,0.6249816415967734
2022-02-15 22:58:11.034216,3096.75,1.2155634958507435,0.355538303577198,0.606622512202664
2022-02-15 22:58:14.297510,3095.4,1.9737941511583745,0.34054655390062316,0.6334400662019098
2022-02-15 22:58:17.267093,3095.4,1.0988942367169965,0.35498166393529396,0.6334400662019098
2022-02-15 22:58:20.749775,3095.75,1.4026911496859091,0.34288358962326826,0.6872397096897724
2022-02-15 22:58:24.127992,3095.75,1.1509538488541746,0.34685283829742974,0.761673030824166
2022-02-15 22:58:27.815923,3095.1,1.7596514440296316,0.3524955201472286,0.761673030824166
2022-02-15 22:58:31.297129,3095.1,1.2433855540718062,0.35480788141910996,0.7045101542201639
2022-02-15 22:58:33.986015,3095.1,0.9984452180798925,0.3524899216443184,0.7526798206460651
2022-02-15 22:58:37.034615,3095.1,1.001294920913508,0.3533910770080508,0.7526798206460651
2022-02-15 22:58:40.208845,3095.1,1.2183847103881038,0.35373948014189815,0.6942531097974762
2022-02-15 22:58:43.084117,3096.0,0.840453336091081,0.35578530517150864,0.6942531097974762
2022-02-15 22:58:46.151590,3096.0,0.9974997987765617,0.3424102162608282,0.6283093410672215
2022-02-15 22:58:49.113747,3096.0,1.5079120000000008,0.35222182661316365,0.8007428533890981
2022-02-15 22:58:51.982253,3096.0,1.170792637114951,0.3583659437884479,0.8007428533890981
2022-02-15 22:58:54.950386,3095.7,2.033341937221543,0.35729565197785534,0.7197051242698225
2022-02-15 22:58:57.921042,3095.7,1.9719310821087965,0.348382830832304,0.7197051242698225
2022-02-15 22:59:00.688124,3096.3,1.4210855101558093,0.35169823023195507,0.6451482241531946
2022-02-15 22:59:04.071857,3096.3,0.9095024488723857,0.3550898382893594,0.6169959369351834
2022-02-15 22:59:07.443583,3097.65,1.7070287644724325,0.34710021833523097,0.6169959369351834
2022-02-15 22:59:10.825043,3097.85,1.153175238748972,0.3396362979071857,0.6350424446386913
2022-02-15 22:59:13.625246,3097.85,1.379662926550708,0.3326872926020113,0.6144544130247171
2022-02-15 22:59:17.074554,3097.85,1.175347879529695,0.3361573793556886,0.6144544130247171
2022-02-15 22:59:20.551883,3097.85,1.856885647850752,0.33943014718653886,0.6496702708329866
2022-02-15 22:59:23.624062,3097.2,1.213048607120172,0.3372330758151413,0.6466692867248401
2022-02-15 22:59:26.592149,3097.2,1.1948926853974808,0.33718746309069286,0.6466692867248401
2022-02-15 22:59:29.768180,3097.5,1.596300982435249,0.3355831695354796,0.6315107759788631
2022-02-15 22:59:32.540284,3097.4,1.355589062758583,0.3386653013253164,0.6315107759788631
2022-02-15 22:59:35.704708,3097.4,1.1374370453273643,0.3455605629019147,0.7103969433885461
2022-02-15 22:59:39.289611,3097.4,1.558068107651554,0.33960583421201723,0.6916339867627453
2022-02-15 22:59:42.163816,3097.4,1.8604897553066044,0.33742788574412824,0.6916339867627453
2022-02-15 22:59:45.017085,3097.45,1.5800298660177268,0.3383690149111746,0.6368452964069139
2022-02-15 22:59:47.688811,3097.45,1.4171493884194655,0.3391860793846518,0.6368452964069139
2022-02-15 22:59:50.556056,3097.45,1.1874312063067083,0.34071027419577604,0.649176697993362
2022-02-15 22:59:53.524949,3097.45,1.585718947275945,0.3433094027678703,0.6123257202828295
2022-02-15 22:59:56.595334,3097.45,1.1527477334419924,0.343614828547875,0.6123257202828295
2022-02-15 23:00:00.082100,3097.45,1.3237767606849309,0.34397162119714364,0.5300976470128046
2022-02-15 23:00:03.251319,3098.65,2.1115557427688856,0.3630689674417096,0.5300976470128046
2022-02-15 23:00:06.020875,3098.65,1.1571531669419406,0.3671934780258594,0.6520556854389219
2022-02-15 23:00:08.780657,3098.85,1.3066811783648533,0.3567056176275948,0.6250104757700422
2022-02-15 23:00:11.955909,3098.85,1.3964932162306798,0.3477628843091661,0.6250104757700422
2022-02-15 23:00:14.721564,3098.85,1.2394994370832253,0.33956303656223297,0.6199629331983679
2022-02-15 23:00:18.206718,3098.85,1.2983818534249658,0.34972540262584273,0.6199629331983679
2022-02-15 23:00:21.171442,3098.85,1.098419386517877,0.34147994495055617,1.0137014987171464
2022-02-15 23:00:23.835243,3098.85,1.5741181705076341,0.35957769314326815,0.7313458580228871
2022-02-15 23:00:26.701068,3098.85,1.186284544524053,0.35404745490265627,0.7313458580228871
2022-02-15 23:00:29.281328,3094.75,1.8716153254625234,0.35971243883111964,0.7031569648956015
2022-02-15 23:00:32.134436,3094.75,1.209760823089257,0.35662238849176153,0.7031569648956015
2022-02-15 23:00:35.201980,3094.75,1.4463316882514656,0.3550399966123414,0.6706938184452296
2022-02-15 23:00:37.964561,3094.75,1.2244727150987613,0.35728795217200277,0.6706938184452296
2022-02-15 23:00:40.729789,3094.75,1.2575500508992197,0.3580537503919979,0.6756472518805439
2022-02-15 23:00:44.115049,3095.3,1.5190678286085397,0.3432239243252638,0.689882179256652
2022-02-15 23:00:46.978383,3095.3,1.0895867593231132,0.34672454505913075,0.689882179256652
2022-02-15 23:00:49.741429,3095.3,0.9401362680146944,0.353357975354726,0.8332773133058463
2022-02-15 23:00:53.053496,3095.3,1.1945366317146835,0.3510454511186119,0.8332773133058463
2022-02-15 23:00:55.921380,3095.3,0.9638523710845625,0.35615359692945453,0.7342554196934884
2022-02-15 23:00:59.161574,3095.1,1.2117785309194955,0.3620419348991716,0.7089019720329134
2022-02-15 23:01:02.032265,3095.1,1.6028410255631562,0.3535494291449794,0.7089019720329134
2022-02-15 23:01:04.895762,3095.1,1.71849847767763,0.3547886023812259,0.6975612910274346
2022-02-15 23:01:08.484628,3095.8,1.3938602775989997,0.35825669605175275,0.6620410446802649
2022-02-15 23:01:11.244750,3095.5,1.3995697479952547,0.35040546017618546,0.6620410446802649
